5122 6610
443 577 515 650 180
794 578 984 672 lflrolirqt.

438 775 569 857 ueritas,
595 785 629 844 et
654 775 724 844 uita
750 798 795 876 es,
822 774 987 862 gratiosus
1016 775 1127 842 ualeat
1156 774 1335 862 peruenire.

439 881 525 948 Pers

815 965 954 1032 Secreta.

482 1091 630 1168 Munera,
653 1091 797 1164 domine,
816 1110 1003 1175 quesumus,
1023 1087 1136 1154 oblata
1160 1086 1336 1166 sanctifica,

438 1202 475 1257 ut
491 1202 525 1256 et
540 1192 636 1257 nobis
654 1191 814 1275 unigeniti
829 1191 877 1257 tui
900 1209 1018 1274 corpus
1036 1198 1071 1254 et
1092 1189 1225 1272 sanguis
1246 1186 1337 1265 fiant,

438 1301 473 1356 et
496 1291 543 1356 illi
566 1291 634 1375 regi
656 1291 700 1357 ad
729 1291 946 1356 obtinendam
975 1289 1096 1354 animae
1125 1287 1337 1372 corporisque

437 1389 588 1470 salutem,
609 1390 653 1456 ad
678 1391 902 1474 peragendum
929 1389 1112 1454 iniunctum
1134 1387 1286 1466 officium,
1301 1395 1337 1450 te

437 1490 606 1576 largiente,
621 1510 856 1575 usquequaque
870 1487 1051 1572 proficiant.
1090 1487 1175 1553 Pers

732 1665 794 1732 Ad
810 1661 1040 1747 complendum.

482 1792 577 1872 Haec,
592 1792 735 1869 domine,
751 1789 876 1856 oblatio
891 1789 1043 1854 salutaris
1060 1787 1220 1853 famulum
1242 1796 1337 1853 tuum

439 1892 496 1959 .r'll.
526 1892 570 1957 ab
598 1893 752 1957 omnibus
780 1900 912 1958 tueatur
940 1889 1098 1968 aduersis,
1124 1890 1280 1971 quatinus
1303 1897 1354 1952 et·

438 1991 658 2075 ecclesiastice
687 1991 778 2075 pacis
806 1990 957 2056 obtineat
986 1987 1272 2072 tranquillitatem,
1303 1997 1337 2052 et

437 2101 516 2176 post
537 2093 629 2156 istius
651 2091 810 2174 temporis
829 2090 1003 2154 decursum
1017 2089 1060 2153 ad
1083 2096 1241 2151 aetemam
1264 2106 1338 2169 per-

437 2193 548 2257 ueniat
562 2191 791 2256 hereditatem.
837 2191 927 2257 Pera

548 2440 661 2517 fflfssr
676 2459 728 2524 prr
741 2457 807 2521 repr
822 2442 939 2506 timna
954 2445 1079 2523 teutpert
1095 2439 1218 2504 sinonis.

482 2586 703 2672 Omnipotens
735 2586 934 2670 sempiterne
964 2587 1055 2662 deus,
1085 2585 1142 2670 qui
1176 2584 1336 2650 famulum

437 2696 532 2752 tuum
547 2688 639 2772 regni
653 2687 785 2772 fastigio
800 2688 954 2771 dignatus
965 2707 1001 2752 es
1016 2685 1207 2766 sublimare;
1227 2685 1336 2750 tribue

437 2788 476 2863 ei,
493 2808 679 2872 quesumus,
694 2797 731 2853 ut
753 2787 800 2852 ita
823 2787 1014 2870 impresenti
1029 2786 1169 2851 collecta
1188 2784 1336 2851 multitu-

437 2888 515 2952 dine
536 2895 728 2952 cunctorum
751 2888 786 2952 in
808 2907 983 2952 commune
1005 2887 1147 2951 salutem
1169 2886 1334 2969 disponat,

437 2988 590 3072 quatinus
615 3009 636 3053 a
664 2997 732 3053 tuae
762 2987 910 3053 ueritatis
937 2987 1069 3053 tramite
1099 3006 1165 3051 non
1192 2986 1335 3050 recedat.

439 3091 523 3155 Pera

840 3175 934 3242 Alia.

480 3301 582 3378 Deus,
599 3302 655 3386 qui
670 3301 734 3367 scis
755 3321 860 3385 genus
881 3301 1064 3365 humanum
1086 3298 1178 3364 nulla
1199 3300 1248 3364 sui
1271 3298 1334 3362 uir·

437 3410 508 3466 tute
523 3422 620 3486 posse
640 3402 823 3476 subsistere,
840 3402 984 3466 concede
1005 3399 1165 3483 propitius
1179 3409 1216 3464 ut
1230 3399 1336 3464 famu-

436 3503 488 3569 lus
508 3514 584 3569 tuus
607 3502 663 3568 all.
682 3524 782 3586 quem
804 3502 928 3586 populo
950 3511 1010 3566 tuo
1031 3500 1164 3565 uoluisti
1186 3499 1336 3584 preferre,

437 3604 485 3669 ita
498 3613 558 3668 tuo
573 3602 727 3668 fulciatur
741 3602 913 3681 adiutorio,
928 3601 1084 3686 quatinus
1099 3600 1218 3683 quibus
1226 3600 1336 3684 potuit

437 3723 579 3786 praeesse
594 3703 705 3768 ualeat
720 3713 754 3768 et
768 3703 937 3786 prodesse.
983 3701 1069 3764 Peru

839 3875 931 3942 Alsa.

482 4000 703 4086 Omnipotens
714 3998 915 4084 sempiterne
926 3999 1017 4078 deus,
1026 3996 1207 4064 caelestium
1218 4010 1335 4064 terres·

437 4101 603 4184 triumque
625 4102 822 4177 moderator,
838 4101 895 4184 qui
916 4097 1078 4165 famulum
1099 4107 1194 4163 tuum
1217 4098 1273 4164 .r'll.
1291 4099 1335 4164 ad

437 4201 529 4286 regni
544 4201 710 4285 fastigium
725 4201 881 4284 dignatus
897 4220 933 4264 es
947 4196 1148 4282 prouehere;
1169 4196 1334 4272 Concede,

438 4319 624 4383 quesumus,
643 4310 680 4365 ut
702 4323 723 4366 a
744 4301 871 4365 cunctis
892 4295 1148 4364 aduersitatibus
1169 4297 1334 4378 liberatus,

438 4409 472 4465 et
487 4399 706 4483 ecclesiastice
714 4399 805 4485 pacis
816 4399 906 4463 dono
921 4399 1096 4472 muniatur,
1108 4406 1142 4460 et
1153 4397 1196 4460 ad
1212 4406 1335 4463 aeteme

437 4500 529 4585 pacis
557 4500 687 4585 gaudia,
713 4509 748 4565 te
778 4500 932 4573 donante,
963 4497 1133 4582 pemenire
1164 4507 1334 4562 mereatur.

438 4601 524 4666 Pera

819 4685 958 4750 Secreta.

483 4811 648 4887 Concede,
683 4831 870 4894 quesumus,
906 4808 1117 4892 omnipotens
1152 4809 1243 4887 deus,
1282 4808 1335 4873 his

438 4912 636 4978 salutaribus
661 4910 827 4975 sacrificiis
851 4908 1010 4992 placatus,
1034 4917 1072 4972 ut
1094 4906 1238 4972 famulus
1259 4916 1335 4973 tuus

438 5011 494 5076 .ill.
519 5011 563 5075 ad
590 5009 817 5094 peragendum
845 5009 963 5092 regalis
990 5006 1162 5090 dignitatis
1191 5007 1334 5073 officium

437 5111 623 5175 inueniatur
652 5129 784 5192 semper
815 5110 960 5186 idoneus,
992 5116 1027 5171 et
1061 5105 1193 5172 celestis
1229 5107 1337 5190 patrie

437 5209 566 5292 gaudiis
581 5209 739 5275 reddatur
753 5203 958 5293 acceptis(u).
1002 5206 1088 5272 Per!

797 5380 971 5463 Proesatio.

482 5508 526 5574 U.
541 5508 584 5572 D.
600 5528 733 5590 aequum
755 5517 789 5571 et
806 5506 959 5572 salutare.
1008 5507 1074 5591 Qui
1097 5528 1133 5572 es
1156 5507 1229 5573 fons
1251 5508 1338 5588 uitae‚

439 5609 531 5691 origo
553 5607 692 5686 luminis,
715 5617 749 5672 et
772 5616 887 5672 auctor
908 5607 1011 5672 totius
1033 5607 1202 5688 bonitatis,
1218 5618 1252 5673 et
1268 5627 1337 5672 ma-

1662 576 1793 662 ffllssn
1812 575 2009 663 §sensoria

1389 775 1543 843 iestatem
1559 783 1653 842 tuam
1668 777 1749 842 totis
1764 776 1889 843 uiribus
1908 776 2094 861 implorare,
2108 786 2146 843 ut
2160 776 2286 845 famulo

1387 886 1446 942 tuo
1461 876 1517 942 ‚ill
1532 877 1584 942 cui
1599 876 1788 942 concessisti
1806 877 1941 961 regendi
1963 876 2077 961 populi
2092 896 2213 956 curam,
2228 880 2286 944 tri-

1388 975 1471 1040 buas
1486 976 1520 1041 id
1538 975 1720 1041 secundum
1734 985 1828 1040 tuam
1850 975 2058 1041 uoluntatem
2080 979 2285 1060 exsequendi

1388 1075 1572 1142 efficatiam.
1617 1074 1665 1139 Et
1679 1075 1798 1157 quibus
1812 1084 1871 1140 tuo
1891 1076 1980 1140 dono
1999 1077 2147 1158 imperat,
2164 1077 2212 1142 eis
2227 1088 2286 1143 tua

1388 1174 1605 1258 opitulatione
1619 1173 1720 1239 fultus
1735 1174 1909 1240 salubriter
1923 1175 2037 1258 prosit,
2048 1175 2097 1240 Ut
2108 1176 2231 1259 pariter
2241 1177 2285 1240 ab

1388 1275 1541 1339 omnibus
1563 1274 1642 1338 uita
1658 1273 1812 1356 periculis
1836 1275 1940 1354 exuti,
1954 1285 1989 1340 et
2011 1274 2168 1341 uirtutum
2191 1275 2286 1358 spiri-

1387 1373 1503 1438 talium
1526 1373 1728 1438 ornamentis
1750 1373 1864 1448 induti,
1881 1372 1958 1439 fidei
1980 1376 2060 1456 spei,
2074 1375 2285 1458 caritatisque

1387 1474 1530 1556 gemmis
1564 1472 1680 1548 ornati,
1711 1481 1745 1538 et
1775 1474 1890 1539 mundi
1919 1493 2033 1538 cursus
2064 1473 2200 1557 pacifice
2237 1475 2285 1538 eis

1388 1580 1462 1637 toto
1483 1571 1599 1637 ordine
1620 1571 1788 1655 dirigatur,
1812 1583 1846 1637 et
1868 1573 1902 1636 in
1924 1572 2047 1638 sanctis
2068 1574 2230 1657 operibus,
2250 1583 2285 1638 te

1388 1670 1578 1748 auxiliante,
1606 1681 1825 1755 perseuerent,
1845 1672 2086 1755 beatorumque
2111 1673 2285 1755 spirituum

1389 1770 1567 1836 coheredes
1582 1771 1664 1836 effici
1681 1780 1874 1836 mereantur.
1920 1772 1982 1836 Per
1996 1771 2154 1836 christum
2163 1770 2183 1836 ¹.

1684 1942 1746 2008 Ad
1762 1944 1992 2030 complendum.

1433 2069 1528 2149 Haec,
1542 2069 1686 2150 domine,
1701 2070 1852 2136 salutaris
1873 2069 2021 2135 sacrificii
2044 2070 2212 2154 perceptio
2235 2069 2283 2135 fa·

1390 2169 1470 2233 muli
1496 2171 1545 2234 tui
1568 2169 1625 2234 all.
1648 2181 1858 2254 peccatorum
1881 2169 2026 2234 maculas
2048 2168 2162 2249 diluat,
2184 2181 2218 2236 et
2240 2173 2285 2236 ad

1389 2269 1570 2353 regendum
1584 2269 1766 2335 secundum
1785 2279 1878 2335 tuam
1897 2269 2103 2335 uoluntatem
2125 2271 2285 2354 populum

1389 2367 1545 2433 idoneum
1561 2368 1688 2446 reddat,
1704 2379 1741 2434 ut
1755 2369 1818 2434 hoc
1840 2369 1975 2435 salutari
1999 2370 2158 2451 mysterio
2172 2381 2286 2435 contra

1388 2467 1533 2534 uisibiles
1560 2479 1594 2534 et
1619 2468 1799 2534 inuisibiles
1824 2469 1938 2535 hostes
1960 2470 2117 2535 reddatur
2137 2470 2285 2546 inuictus,

1387 2587 1447 2652 per
1469 2568 1559 2651 quod
1586 2569 1728 2632 mundus
1751 2578 1802 2633 est
1824 2569 1937 2633 diuina
1966 2567 2212 2652 dispensatione
2235 2590 2284 2634 re·

1388 2667 1553 2751 demptus.
1599 2668 1661 2732 Per
1674 2669 1846 2733 dominum
1862 2677 2034 2734 nostrum.l

1790 2843 1883 2908 Alia.

1432 2966 1535 3046 Deus,
1550 2968 1606 3052 qui
1623 2947 1706 3034 miro
1721 2969 1836 3034 ordine
1848 2969 1999 3033 uniuersa
2014 2969 2177 3052 disponas,
2189 2979 2223 3034 et
2238 2971 2287 3033 in·

1388 3066 1562 3132 effabiliter
1571 3068 1746 3152 gubernas,
1756 3079 1886 3152 praesta,
1898 3087 2085 3151 quesumus
2095 3079 2133 3134 ut
2144 3068 2285 3134 famulus

1387 3176 1464 3232 tuus
1483 3166 1541 3232 a'll.
1562 3167 1634 3232 haec
1656 3169 1690 3231 in
1712 3169 1856 3252 presenti
1878 3178 2053 3247 conuentu,
2075 3178 2110 3234 et
2133 3169 2167 3233 in
2188 3167 2285 3234 huius

1387 3266 1488 3350 seculi
1510 3287 1615 3346 cursu,
1639 3275 1674 3334 te
1701 3268 1890 3346 adiuuante,
1918 3279 2065 3352 peragat,
2090 3279 2124 3334 et
2153 3269 2285 3352 agenda

1387 3368 1552 3444 decemat,
1568 3368 1657 3432 unde
1679 3368 1740 3433 tibi
1755 3368 1789 3432 in
1804 3378 1999 3454 perpetuum
2021 3367 2151 3452 placere
2166 3368 2284 3433 ualeat.

1389 3467 1475 3531 Per.⁷

1612 3683 1725 3760 ffllsss
1741 3686 1877 3769 spetialis
1894 3687 2063 3752 emunctis.
2080 3637 2084 3644 '

1432 3831 1653 3916 Omnipotens
1695 3833 1893 3916 sempiterne
1932 3834 2022 3912 deus,
2065 3842 2132 3897 ruae
2170 3832 2286 3918 gratiae

1387 3931 1547 4016 pietatem
1561 3930 1700 4015 supplici
1721 3932 1899 3997 deuotione
1914 3933 2067 4016 deposco,
2083 3944 2120 3997 ut
2137 3932 2286 3998 omnium

1388 4031 1549 4096 malomm
1559 4051 1707 4096 meorum
1717 4030 1848 4096 uincula
1861 4031 1981 4108 soluas,
1997 4032 2189 4116 cunctisque
2204 4033 2286 4096 meis

1387 4131 1576 4197 criminibus
1589 4140 1623 4196 et
1631 4131 1775 4214 peccatis
1784 4130 1964 4197 clementer
1972 4133 2142 4216 ignoscas;
2165 4142 2199 4197 et
2210 4132 2287 4215 quia

1388 4251 1441 4296 me
1453 4231 1625 4314 indignum
1636 4241 1671 4296 et
1682 4239 1891 4314 peccatorem
1905 4231 1949 4295 ad
1962 4231 2178 4298 ministerium
2193 4240 2287 4296 tuum

1387 4351 1506 4396 uocare
1516 4331 1671 4414 dignatus
1683 4351 1726 4410 es,
1738 4331 1785 4395 sic
1797 4351 1850 4394 me
1862 4331 2017 4396 idoneum
2028 4331 2089 4396 tibi
2102 4331 2287 4397 ministrum

1388 4431 1518 4509 efficias,
1539 4439 1577 4495 ut
1598 4430 1791 4495 sacrificium
1813 4430 1856 4494 de
1880 4430 2031 4496 manibus
2054 4433 2136 4495 meis
2157 4430 2288 4514 placide

1387 4551 1427 4596 ac
1452 4530 1595 4613 benigne
1620 4531 1787 4613 suscipias,
1809 4529 2054 4614 electommque
2077 4532 2288 4596 sacerdotum

1388 4650 1442 4694 me
1470 4629 1665 4713 participem
1694 4628 1804 4708 facias,
1833 4639 1868 4694 et
1896 4630 1939 4695 de
1967 4631 2132 4714 preceptis
2160 4631 2225 4695 tuis
2254 4631 2288 4693 in

1388 4734 1479 4799 nullo
1494 4753 1549 4798 me
1563 4734 1714 4799 oberrare
1728 4733 1912 4817 permittas.
1958 4733 2041 4799 Per.l

1790 4909 1884 4975 Alia.

1433 5037 1500 5101 Fac
1527 5056 1589 5114 me,
1610 5054 1723 5117 queso,
1744 5035 1955 5119 omnipotens
1980 5037 2070 5112 deus,
2093 5037 2141 5101 ita
2164 5037 2289 5101 iustitia

1389 5135 1489 5214 indui,
1497 5145 1534 5201 ut
1550 5136 1583 5199 in
1598 5145 1784 5200 sanctorum
1794 5145 1925 5200 tuorum
1942 5156 2068 5201 merear
2082 5136 2288 5202 exultatione

1390 5235 1511 5313 laetari3
1533 5235 1688 5317 quatinus
1699 5234 1897 5298 emundatus
1911 5235 1955 5299 ab
1968 5236 2121 5300 omnibus
2136 5236 2289 5302 sordibus

1390 5344 1608 5418 peccatorum,
1621 5335 1821 5398 consortium
1836 5333 1998 5416 adipiscar
2012 5336 2073 5400 tibi
2089 5334 2290 5418 placentium

1390 5435 1607 5512 sacerdotum,
1620 5453 1739 5517 meque
1750 5443 1808 5498 tua
1819 5434 2040 5500 misericordia
2053 5457 2073 5500 a
2084 5436 2172 5501 uitiis
2183 5435 2290 5500 omni-

1753 5625 1761 5654 ¹
1779 5623 1810 5674 0.
1823 5640 1849 5690 p.
1859 5623 1914 5691 189.
