5124 6608
807 595 967 690 nunu.
1537 663 1541 674 ,
1739 588 1921 713 nunu.

796 795 971 880 Proesatio.
1388 800 1485 857 terrae
1517 789 1677 864 fructibus
1713 810 1773 874 per
1801 789 2034 860 abstinentiam
2067 789 2127 856 tibi
2164 791 2286 876 gratias

891 921 979 1006 Quia
1002 941 1076 987 cum
1100 921 1199 985 laude
1222 928 1335 984 nostra
1385 912 1485 976 agere
1500 891 1642 971 uoluisti,
1658 899 1696 955 ut
1711 911 1755 955 ex
1770 890 1842 974 ipso
1861 889 2047 955 deuotionis
2068 909 2190 973 genere
2212 912 2287 956 nos·

1385 1010 1534 1056 ceremus
1552 991 1631 1054 Non
1653 989 1715 1072 hec
1731 990 1775 1054 ad
1797 990 2050 1054 exuberantiam
2072 990 2285 1074 corporalem,

1385 1091 1444 1154 sed
1459 1090 1503 1154 ad
1518 1089 1707 1174 fragilitatis
1722 1085 1998 1155 sustentationem
2014 1108 2076 1154 nos
2090 1092 2285 1176 percepisse,

478 928 522 994 U.
546 927 589 991 D.
611 936 735 991 aeteme
754 923 846 989 deus.

434 1048 501 1092 non
518 1045 625 1109 egeas,
642 1033 738 1108 grata
751 1022 812 1087 tibi
833 1031 947 1088 tamen
970 1030 1022 1086 est
1043 1030 1177 1085 tuorum
1199 1019 1334 1084 deuotio

434 1126 641 1191 famulorum.
687 1123 760 1188 Nec
776 1132 811 1188 te
826 1131 949 1205 augent
965 1129 1077 1186 nostra
1094 1119 1258 1203 preconia,
1275 1119 1334 1184 sed
1626 1187 1634 1204 ‚
1748 1189 1756 1204 .
2128 1190 2136 1205 ·

433 1226 529 1292 nobis
558 1223 735 1310 proficiunt
764 1225 807 1288 ad
839 1223 991 1288 salutem·
1051 1220 1219 1305 Quoniam
1250 1219 1334 1286 sicut
1386 1197 1423 1253 ut
1435 1190 1525 1272 quod
1541 1211 1587 1254 ex
1601 1189 1652 1253 hrs
1666 1208 1797 1272 parclus
1812 1209 2016 1254 sumeremus
2027 1200 2195 1273 egentium
2209 1212 2285 1276 pro·

434 1325 561 1391 fontem
593 1324 671 1389 uitae
697 1322 865 1407 praeterire
894 1341 994 1387 causa
1020 1320 1181 1386 moriendi
1204 1331 1264 1395 est,
1287 1320 1334 1385 sic
1386 1287 1505 1402 ficfffss
1520 1287 1696 1402 aiimenfflj
1714 1287 1765 1353 Ut
1780 1297 1814 1401 ἓξ
1829 1287 1981 1402 §illimis
2003 1288 2178 1401 03858250
2200 1310 2285 1355 mor·

433 1426 552 1491 eodem
577 1424 697 1506 iugiter
720 1422 913 1501 redundare,
938 1421 1077 1486 affectus
1104 1431 1154 1486 est
1178 1422 1249 1484 sine
1269 1419 1335 1484 fine
1385 1387 1524 1452 tamam
1540 1387 1749 1451 ¹ns⁰le¹¹t¹³m
1766 1394 1942 1470 ¹¹¹¹t¹g²¹⁶t2
1955 1395 1990 1451 et
2004 1387 2285 1472 P¹0t²⁸¹afg¹t⁰f¹⁵

434 1524 576 1590 uiuendi·
615 1523 677 1588 per
691 1522 859 1588 christum·
897 1515 1089 1607 (Et'ideot.
1120 1520 1230 1586 COLL.
1245 1519 1335 1584 puri,
1386 1508 1446 1552 nos
1468 1495 1525 1570 tue
1547 1486 1744 1601 benignitati
1769 1486 2020 1600 commendatos
2043 1487 2195 1602 efficeret,
2215 1488 2285 1555 Sic.

433 1624 505 1704 fica,
520 1625 665 1700 domine,
678 1619 879 1708 quesumus.)
1384 1606 1450 1669 que
1480 1587 1576 1650 donis
1602 1596 1769 1650 uteremur
1792 1595 1996 1661 transitoms,
2023 1594 2061 1650 ut
2087 1589 2285 1652 disceremus

732 1759 793 1824 Ad
811 1758 1029 1842 complendum
1386 1685 1511 1750 inhiare
1528 1684 1706 1771 perpetuis,
1752 1683 1813 1750 Per
1827 1684 1987 1750 christum
1996 1683 2018 1749 ¹.

785 1883 794 1900 ,
1248 1883 1256 1899 ,
1282 1885 1290 1900 ,
1681 1821 1742 1886 Ad
1763 1821 1991 1904 complendum.

478 1885 678 1970 Quesumus,
704 1892 917 1968 omnipotens
943 1885 1033 1964 deus,
1056 1892 1093 1949 ut
1116 1904 1200 1967 quos
1223 1884 1358 1948 drurna¹

466 1987 474 2002 .
524 1987 532 2002 .
642 1986 680 2002 ..
743 1986 750 2000 .
1120 1985 1128 2000 .
1264 1985 1273 1999 .
1432 1933 1620 2012 Sumentes,
1638 1934 1781 2006 domine,
1808 1934 1898 1998 dona
1927 1933 2072 2000 caelestia
2096 1935 2285 2018 suppliciter

433 1986 550 2101 mbins
565 1996 816 2100 pammpatione
830 1984 1147 2099 gandere.hum²m⁵
1164 2003 1231 2049 non
1247 2004 1335 2049 ΞΜ
1386 2033 1601 2116 deprecamur
1625 2041 1661 2096 ut
1676 2053 1750 2116 quae
1766 2033 1883 2098 sedula
1898 2034 2058 2099 seruitute
2081 2035 2227 2099 donante
2241 2043 2275 2100 te

434 2086 603 2152 subiacere
618 2084 778 2169 periculis.
825 2083 887 2150 Per
901 2084 1075 2148 dommum
1089 2094 1263 2150 nostrum.t
1601 2083 1608 2113 ²
2058 2083 2066 2114 ¹
2276 2086 2285 2113 ’

1385 2134 1538 2216 gerimus,
1554 2132 1663 2218 dignis
1685 2133 1835 2198 sensibus
1851 2143 1909 2199 tuo
1925 2151 2061 2198 munere
2081 2135 2273 2218 capiamus.t

765 2221 827 2288 Ad
838 2221 1004 2306 populum.
1390 2230 1484 2304 Peri,

479 2348 679 2433 Quesumus,
705 2348 916 2432 omnipotens
945 2349 1038 2426 deus,
1063 2367 1179 2431 preces
1209 2360 1336 2414 nostras
1747 2387 1914 2462 Mami,

435 2448 570 2532 respice,
582 2458 685 2515 ettua
697 2469 868 2532 supernos
880 2447 1007 2512 uiscera
1020 2448 1155 2530 pietatis
1169 2448 1334 2533 impende,

435 2557 472 2615 ut
498 2549 554 2631 qui
581 2570 627 2614 ex
652 2560 766 2615 nostra
795 2547 893 2632 culpa
918 2547 1103 2631 affligimur,
1127 2558 1185 2614 tua
1210 2550 1336 2633 pietate
1646 2509 1707 2574 Ad
1724 2519 1849 2575 sams
1865 2509 2034 2638 ‘ap05t‘7l05-

436 2649 688 2715 misericorditer
700 2648 888 2714 liberemur.
932 2646 995 2712 Per
1003 2645 1026 2711 ².
1433 2622 1565 2702 Praesta,
1580 2641 1768 2704 quesumus,
1783 2632 1994 2706 omnipotens
2012 2623 2105 2702 deus,
2121 2632 2158 2690 ut
2175 2623 2284 2690 obser·

1341 2737 1343 2744 ’
1387 2721 1535 2787 uationes
1548 2741 1657 2786 sacras
1667 2741 1777 2786 annua
1788 2722 1967 2788 deuotione
1978 2721 2159 2788 recolentes
2171 2733 2205 2789 et
2214 2743 2284 2789 cor-

659 2831 788 2920 mm
806 2845 896 2910 filimi
935 2844 1025 2919 fusa
1039 2846 1102 2912 [ffip
1386 2841 1468 2904 pore
1482 2820 1542 2885 tibi
1557 2820 1747 2903 placeamus
1762 2829 1796 2884 et
1812 2832 1932 2887 mente.
1978 2822 2064 2886 Per.t

1766 2955 1906 3022 Secreta.

1430 3067 1582 3151 Accepta
1610 3065 1671 3131 tibi
1700 3066 1774 3145 sint,
1800 3068 1945 3142 domine,
1971 3088 2159 3151 quesumus,
2184 3069 2283 3134 nostri

1412 3188 1477 3233 ona
1506 3166 1625 3242 ieiunii,
1649 3185 1725 3248 quae
1752 3176 1787 3232 et
1816 3168 1983 3251 expiando
2006 3188 2065 3232 nos
2092 3170 2200 3252 gratia
2227 3179 2285 3235 tua

590 2990 652 3055 Ad
669 3001 816 3058 sanctam
837 2991 982 3057 mariam
1003 2993 1171 3060 maiorem.

480 3117 716 3182 Misericordiae
730 3127 798 3183 tuae
813 3117 976 3194 remediis,
990 3138 1179 3201 quesumus,
1191 3121 1335 3200 domine,
1388 3168 1410 3232 d

436 3214 596 3332 fragilitas
611 3226 724 3282 nostra
744 3218 912 3332 subsistat,
927 3226 964 3281 ut
979 3237 1054 3300 quae
1072 3240 1132 3284 sua
1146 3221 1336 3286 conditione
1387 3269 1506 3351 dignos
1521 3265 1673 3343 efficiant,
1690 3276 1724 3330 et
1740 3268 1784 3332 ad
1806 3268 2007 3350 sempiterna
2028 3271 2191 3350 promissa
2211 3289 2284 3353 per·

402 3317 604 3395 ’adtentun
619 3325 677 3382 tua
691 3316 868 3382 clementra
883 3327 1058 3399 reparetur.
1105 3319 1190 3385 Per.t
1293 3360 1298 3370 ·
1387 3369 1519 3433 ducant·
1564 3366 1649 3431 Per-7

841 3453 933 3519 nu.
1754 3451 1915 3536 Prffata.

482 3577 613 3658 Praesta,
625 3598 813 3661 quesumus
829 3579 972 3655 domine,
984 3578 1118 3645 familiae
1131 3582 1337 3665 supplicanti,
1433 3564 1476 3630 U·
1492 3564 1535 3628 D·
1551 3574 1674 3629 aeteffle
1689 3565 1780 3630 deus·
1819 3564 1886 3649 Qui
1901 3565 1988 3630 iu⁸i0
2003 3565 2125 3649 l‘iO‘lue
2137 3567 2284 3632 mOdefa·

438 3686 474 3740 ut
489 3677 569 3741 dum
587 3699 623 3743 se
638 3699 660 3742 a
678 3678 759 3744 cibis
781 3677 1005 3761 corporalibus
1020 3680 1197 3759 abstinent,
1212 3702 1234 3746 a
1248 3683 1337 3748 uitiis
1389 3665 1477 3728 mine
1492 3673 1601 3747 et1³¹0
1620 3666 1764 3747 peccatis
1784 3663 1916 3748 flagella
1936 3666 2068 3748 limga&
2085 3674 2120 3730 et
2136 3676 2213 3749 90⁸1
2227 3665 2284 3731 fla·

439 3786 549 3842 mente
564 3777 718 3844 ieiunent.
764 3778 826 3842 Per
840 3779 1012 3843 dominum
1029 3790 1201 3845 nostrum*
1388 3759 1476 3842 gella
1505 3759 1636 3823 ueniam
1669 3760 1866 3843 PYOPifiatUS
1895 3760 2075 3836 condonas,
2105 3770 2141 3826 et
2172 3780 2285 3843 pecca·

1389 3868 1497 3924 torum
1520 3860 1625 3922 uitam
1647 3860 1757 3941 potius
1780 3860 1894 3924 nolens
1918 3879 2019 3943 quarn
2042 3869 2184 3924 mortem
2206 3861 2284 3925 Non

818 3915 958 3981 Semia-
1389 3979 1446 4023 eos
1461 3944 1509 4022 ad
1519 3959 1687 4022 interitum
1703 3961 1937 4042 condempnas,
1953 3960 2012 4023 sed
2034 3969 2072 4025 Ui
2086 3960 2285 4044 effligimus

487 4040 572 4104 Haec
593 4039 711 4121 hostia,
727 4042 869 4118 domine,
886 4061 1074 4125 quesumus,
1088 4044 1246 4110 emundet
1261 4066 1338 4111 nos·
1389 4057 1562 4121 miseratus
1578 4068 1745 4141 expectas,
1791 4059 1853 4123 per
1867 4058 2025 4124 christum
2035 4058 2059 4123 ⁴,

438 4148 490 4205 tra
505 4139 636 4217 delicta,
655 4151 690 4207 et
707 4135 782 4228 [ad]
799 4141 992 4212 sacrificium
1011 4141 1243 4208 celebrandum
1259 4147 1336 4210 sub-

438 4240 583 4305 ditorum
599 4241 660 4308 tibi
674 4260 812 4324 corpora
831 4250 1026 4324 mentesque
1044 4242 1236 4310 sanctificet.
1275 4245 1338 4311 Per
1679 4194 1743 4325 Ad·
1757 4195 1984 4278 wmpl‘ndum·
2258 4311 2266 4326 ·

437 4339 635 4404 dominum
1433 4305 1631 4390 Quesumus,
1655 4318 1864 4392 omnipotens
1886 4309 1977 4388 deus,
2000 4319 2037 4374 ut
2058 4311 2102 4374 de
2123 4320 2285 4394 perceptu
2308 4373 2309 4378 ,

800 4426 972 4511 msam,
1390 4407 1581 4472 muneribus
1602 4409 1726 4492 gratias
1752 4407 1950 4475 exhibentes
1974 4408 2135 4476 beneficia
2157 4411 2285 4494 potiora

467 4549 528 4616 U.
551 4551 594 4616 D.
617 4559 740 4617 aeteme
768 4554 859 4618 deus.
903 4553 970 4638 Qui
1001 4575 1061 4618 nos
1087 4554 1164 4620 ideo
1190 4556 1338 4624 collectis
1390 4519 1585 4570 sumamuw
1642 4507 1733 4572 Peri

1421 4669 1431 4700 ¹
1448 4670 1481 4722 Ο.
1492 4686 1516 4736 p.
1526 4671 1583 4736 33⁶·
1594 4673 1622 4723 Z.

472 4739 481 4770 ¹
498 4739 530 4791 Ο.
542 4756 567 4806 p.
581 4753 637 4806 335.
656 4743 683 4792 Z.
1421 4745 1545 4800 'sallia
1562 4749 1668 4808 Adesto,
1675 4749 1738 4813 dne,
1746 4750 1900 4816 supplicibus
1908 4752 1965 4815 tuis,
1973 4758 1998 4802 et
2006 4753 2184 4818 spemtnnmin
2192 4754 2285 4804 miseri·

437 4819 440 4826 '
471 4816 482 4849 ¹
498 4819 554 4871 Get
566 4836 591 4886 p.
608 4820 666 4886 683.
683 4821 733 4882 Da,
746 4837 779 4886 q.,
791 4821 854 4880 dne..
872 4821 967 4888 populo
982 4827 1027 4872 tuo
1043 4829 1150 4874 mentem
1167 4841 1218 4890 que
1234 4827 1280 4877 tibi
1297 4828 1339 4880 de-
1389 4823 1475 4876 cordin
1491 4825 1643 4878 collocantes
1659 4835 1727 4880 tuere
1742 4829 1882 4894 propitius;
1898 4837 1927 4880 ut
1937 4847 1953 4880 n
1969 4837 2127 4898 peccatorum
2143 4831 2200 4882 labe
2216 4848 2284 4882 mnn-

440 4905 514 4951 notus
524 4901 621 4962 existat,
630 4908 656 4951 et
664 4900 873 4967 intellectumque
882 4901 954 4952 iustae
964 4901 1091 4967 deposeat,
1098 4910 1124 4954 et
1135 4905 1338 4971 propitiationem
1389 4904 1443 4954 dati
1454 4904 1481 4954 in
1491 4912 1578 4955 sancta
1588 4907 1775 4958 oonnersatione
1785 4916 1952 4972 permaneant.
1987 4909 2041 4960 Per.
2059 4911 2086 4960 L

440 4984 510 5028 tunm
534 4993 582 5043 qna
608 4979 657 5046 pise
684 4978 879 5030 desiderantibus
903 4995 959 5045 qun
985 4987 1043 5031 sunt
1065 4981 1193 5047 profutura
1217 4983 1338 5050 perficiat.
1421 4981 1649 5034 'aletetureon
1924 4987 2143 5040 conatusne.

440 5056 494 5106 Per.
511 5057 538 5106 Z.
1449 5071 1487 5112 es.
1498 5060 1658 5112 Confitemini
1669 5061 1779 5114 domino.
1925 5068 1997 5129 (unc.
2009 5066 2167 5128 Conuertere,
2178 5065 2259 5118 isnet

473 5135 483 5165 ³
498 5146 526 5186 Α.
539 5135 657 5185 Exnltate
667 5133 725 5187 deo.
946 5146 989 5189 co,
1001 5137 1133 5190 Comedite
1143 5139 1255 5207 pinguia.
1448 5150 1474 5188 R.
1487 5139 1645 5198 conuertere,
1656 5140 1764 5193 domine.
1924 5155 1970 5194 nv,
1981 5143 2099 5208 Rognbnt
2119 5145 2214 5196 ihesum
2232 5145 2284 5212 qui·

500 5223 537 5263 ns.
550 5211 607 5277 Ego
618 5212 684 5264 enim
695 5227 750 5262 sum
761 5214 831 5264 deus.
947 5219 1020 5280 (use.
1042 5216 1099 5268 Hec
1126 5216 1187 5268 dicit
1214 5217 1337 5278 dominns,
1448 5227 1475 5267 ν.
1488 5215 1606 5280 Domine,
1618 5218 1749 5284 retugium
2027 5222 2106 5286 dam).

388 5321 391 5329 ·
496 5301 527 5348 n.
539 5289 678 5356 Dirigatur.
997 5293 1063 5345 Ecce
1075 5294 1128 5344 dies
1139 5296 1247 5348 ueniunt.
1449 5304 1493 5344 ou.
1504 5294 1654 5347 Benedioem
1665 5296 1776 5350 domino.

501 5377 529 5414 v.
540 5367 793 5420 Elenntiomannnm.
948 5381 1022 5422 anta,
1039 5372 1213 5438 Congregntns
1229 5381 1268 5426 est
1283 5389 1336 5426 om·
1420 5371 1478 5422 ⁴0.
1489 5388 1513 5438 p.
1527 5373 1583 5436 336.
1598 5375 1625 5425 Z.

502 5455 546 5495 ru.
558 5445 621 5510 Quis
631 5447 694 5496 sicut
706 5447 827 5500 dominus.
995 5450 1034 5499 nis
1044 5451 1159 5517 populus.
1420 5450 1431 5481 ⁸
1453 5452 1563 5516 *Super
1576 5453 1707 5518 populum
1732 5454 1814 5518 Adsit,
1833 5455 1897 5516 dne,
1915 5472 1948 5523 q..
1966 5458 2115 5524 propitiatio
2132 5463 2176 5509 tus
2192 5458 2286 5526 populo

502 5532 530 5572 ν.
541 5521 667 5574 Suscitsns
678 5531 775 5576 eterra.
946 5538 992 5581 nv,
1004 5528 1165 5596 Respondeas
1176 5533 1259 5598 unus).
1389 5528 1547 5594 supplimfi.
1564 5537 1592 5580 ut
1610 5531 1686 5597 quod,
1704 5537 1729 5582 ie
1745 5533 1888 5600 inspirante,
1905 5534 2010 5588 fideliter
2024 5537 2127 5604 expetit,
2145 5543 2189 5588 tna
2204 5535 2286 5588 caeleti

503 5609 546 5650 or.
558 5599 708 5654 Meditabor.
1389 5607 1507 5674 largitate
1517 5609 1647 5676 percipiet.
1680 5611 1734 5662 Per.
1751 5613 1779 5664 Z.
