5124 6608
423 589 470 664 70
648 564 752 640 uon.
779 563 820 638 u
847 575 919 656 pust
942 561 1063 655 uului.
1106 567 1109 576 '
1590 555 1812 650 bonitatum
1840 555 1891 630 lu.
1910 557 1982 642 iil.
2001 555 2054 632 v.

786 761 959 844 Praefatio.
1713 753 1775 819 Ad
1777 754 1943 838 populum.

463 893 508 960 U.
523 892 565 957 D.
582 899 706 956 aeterne
721 888 811 954 deus.
849 888 896 953 Et
911 888 971 952 tibi
986 886 1072 952 hanc
1088 883 1324 951 immolationis
1420 883 1560 962 Adesto,
1581 881 1725 960 domine,
1742 879 1895 945 fidelibus
1913 880 1986 956 tuis,
2003 889 2037 946 et
2060 880 2180 963 quibus
2201 899 2278 964 sup-

419 992 563 1059 hostiam
589 989 715 1068 offerre,
740 1009 805 1072 que
828 996 879 1055 est
902 986 1070 1052 salutifera
1095 995 1130 1050 et
1158 984 1325 1050 ineffabile
1377 984 1521 1069 plicandi
1532 983 1647 1048 tribuis
1659 983 1832 1047 miseratus
1843 981 1999 1045 affectum
2010 979 2154 1046 concede
2163 981 2278 1064 benig·

420 1093 541 1158 diuinae
571 1089 687 1174 gratiae
718 1099 971 1154 sacramentum.
1027 1085 1115 1170 Quae
1144 1085 1324 1150 offertura
1377 1085 1511 1150 nissime
1526 1081 1761 1148 consolationis
1774 1081 1947 1146 auxilium.
1994 1080 2080 1144 Pers

420 1191 577 1275 plurimis
601 1197 636 1254 et
658 1208 762 1252 unum
784 1208 903 1272 corpus
925 1187 1037 1253 christi
1062 1187 1168 1252 sancti
1191 1185 1325 1270 spiritus
2057 1175 2061 1184 ’

419 1295 581 1359 infusione
602 1292 779 1376 perficitur.
825 1291 954 1376 Singuli
977 1291 1144 1375 accipiunt
1165 1290 1324 1355 christum

419 1395 601 1472 dominum,
626 1402 661 1457 et
687 1393 720 1456 in
747 1392 886 1475 singulis
911 1391 1117 1474 portionibus
1144 1399 1235 1455 totus
1265 1399 1324 1466 est,
1500 1368 1543 1434 ΗΠ
1562 1367 1673 1448 ΗῘΒῙΊῘῘΕ
1695 1367 1894 1432 simulatum
1914 1369 2013 1446 “alfii
2033 1364 2150 1446 11ῐὸΐῖἱῖ

420 1515 480 1559 nec
516 1514 577 1577 per
612 1492 760 1576 singulos
797 1492 964 1566 minuitur,
995 1491 1054 1556 sed
1092 1491 1257 1573 integrum
1289 1509 1325 1553 se

420 1593 539 1678 prebet
561 1592 595 1656 in
617 1591 764 1674 singulis.
811 1591 988 1675 Propterea
1006 1590 1069 1674 ipsi
1088 1591 1144 1674 qui
1164 1590 1325 1655 sumimus

419 1693 686 1760 communionem
698 1692 794 1756 huius
808 1691 913 1757 sancti
929 1692 1023 1774 panis
1039 1700 1073 1755 et
1088 1690 1206 1766 calicis,
1223 1709 1325 1755 unum

421 1812 538 1876 corpus
553 1791 665 1856 christi
682 1791 850 1857 efficimur.
890 1790 952 1856 Per
963 1790 1064 1872 ipsius
1080 1789 1191 1873 itaque
1206 1789 1325 1853 maies-

420 1901 525 1958 tatem
541 1902 576 1957 te
590 1891 755 1974 supplices
778 1910 966 1966 exoramus,
984 1899 1022 1953 ut
1037 1909 1097 1954 nos
1111 1889 1155 1953 ab
1171 1888 1326 1954 omnibus

420 1993 582 2057 emundes
597 1991 758 2074 contagiis
779 1989 963 2064 uetustatis,
980 1998 1014 2053 et
1036 1990 1069 2053 in
1088 1991 1236 2054 nouitate
1257 1989 1326 2070 uite
1711 1973 1819 2056 Super
1831 1972 1948 2039 Oblata·

420 2111 631 2176 perseuerare
645 2090 817 2158 concedas.
862 2089 925 2154 Per
939 2088 1098 2154 christum
1108 2088 1131 2156 ¹,
1421 2099 1526 2166 Grata
1548 2100 1608 2166 tibi
1631 2101 1705 2178 sint,
1720 2100 1863 2176 domine,
1880 2117 2024 2177 munera,
2040 2097 2160 2181 quibus
2182 2097 2281 2182 baurg

705 2260 782 2356 [Ad
791 2257 1036 2352 complendum]
1379 2201 1489 2266 mariae
1512 2219 1643 2282 semper
1657 2200 1791 2282 uirginis
1813 2199 2100 2282 superuenientem
2118 2197 2279 2282 praeueni.

1378 2321 1451 2365 mus
1466 2301 1690 2366 iestiuitatem.
1736 2299 1807 2363 Per.

466 2392 666 2476 Quesumus,
683 2390 895 2473 omnipotens
913 2391 1004 2469 deus,
1020 2399 1056 2454 ut
1072 2387 1158 2453 illius
1173 2386 1326 2452 salutaris

421 2495 591 2577 capiamus
603 2491 770 2568 effectum,
782 2491 874 2556 cuius
888 2511 948 2574 per
957 2488 1019 2573 hec
1031 2487 1192 2572 mysteria
1206 2487 1326 2572 pignus
1679 2447 1742 2512 Ad
1751 2447 1979 2531 implendum·

421 2593 619 2676 accepimus·
665 2592 752 2656 Per-⁷
1422 2573 1477 2638 Da
1502 2573 1608 2648 nobis,
1636 2593 1824 2656 quesumus,
1852 2571 2034 2637 misericors
2063 2571 2155 2649 deus,
2178 2570 2281 2654 ipsius

1377 2675 1631 2758 superueniente
1653 2673 1831 2738 iestiuitate
1855 2671 2012 2755 uegetari,
2034 2669 2126 2736 cuius
2152 2671 2281 2752 integra

1421 1529 1554 1607 Praesta,
1567 1530 1761 1609 quesumus,
1783 1523 1994 1608 omnipotens
2016 1524 2107 1602 deus,
2122 1531 2159 1587 ut
2179 1523 2279 1604 beate

1378 1629 1489 1692 mariae
1515 1646 1647 1710 semper
1671 1624 1805 1707 uirginis
1830 1623 2037 1707 frequentata
2063 1623 2277 1698 sollemnitas,

1378 1737 1412 1793 et
1441 1726 1604 1809 presentis
1632 1725 1701 1807 uite
1731 1725 1877 1789 remedia
1906 1723 2061 1802 conferat,
2090 1733 2124 1788 et
2153 1723 2279 1806 premia

1378 1828 1473 1893 nobis
1488 1837 1612 1892 aeterna
1627 1825 1797 1891 concedat
1843 1825 1913 1889 Per.

767 2739 998 2824 Adimam·
1377 2774 1567 2859 uirginitate
1590 2773 1707 2838 salutis
1730 2783 1853 2838 nostrae
1875 2781 2044 2838 auctorem
2067 2771 2281 2854 suscepimus.

463 2866 606 2941 Adesto,
618 2863 763 2940 domine,
775 2863 907 2948 populis
918 2864 984 2928 tuis
998 2859 1032 2926 in
1048 2871 1107 2926 tua
1121 2863 1327 2945 protectione
1378 2873 1445 2960 Qui
1464 2884 1585 2939 tecum,

420 2965 672 3040 confidentibus,
696 2975 732 3030 et
753 2974 820 3029 tuae
843 2984 879 3029 se
902 2964 1041 3046 dextere
1063 2962 1256 3046 suppliciter
1277 2961 1327 3026 in·

421 3065 582 3134 clinantes
596 3076 756 3152 perpetua
771 3063 962 3130 defensione
977 3082 1146 3128 conserua.
1191 3062 1275 3129 Per.l

1468 3169 1565 3237 uuus.
1585 3169 1667 3236 lina
1688 3170 1743 3236 fel.
1763 3169 1924 3253 pnrtttrstir
1945 3171 2052 3235 sumta
2070 3167 2196 3234 muria'.

649 3332 740 3398 bum.
755 3331 795 3397 bi.
814 3334 884 3415 pust
905 3327 1104 3412 tppplrsrrianu
1555 3321 1753 3390 collecraad
1766 3330 1916 3386 sumtum
1931 3317 2118 3385 adrianum.

1424 3449 1538 3525 Erudi,
1566 3467 1763 3533 quesumus,
1786 3445 1931 3525 domine,
1957 3443 2091 3529 plebem
2116 3453 2219 3522 tuam,
2249 3452 2284 3507 et

1380 3570 1455 3632 quae
1471 3549 1675 3614 extrinsecus
1686 3567 1796 3611 annua
1807 3547 1925 3612 tribuis
1936 3545 2114 3610 deuotione
2124 3543 2280 3620 uenerari,

1380 3651 1514 3714 interius
1539 3648 1670 3732 assequi
1692 3647 1809 3732 gratias
1832 3656 1900 3712 tuae
1923 3645 1998 3710 luce
2021 3644 2177 3709 concede.
2221 3641 2286 3707 Per

1380 3748 1580 3813 dominum?

468 3489 637 3562 Conserua
653 3490 815 3574 populum
837 3501 942 3568 tuum,
958 3490 1048 3566 deus,
1065 3497 1100 3553 et
1122 3497 1182 3552 tuo
1204 3487 1328 3552 nomini

423 3590 475 3654 sac
490 3591 659 3669 deuotum,
678 3599 715 3655 ut
733 3591 852 3655 diuinis
869 3590 1037 3655 subiectus
1052 3587 1177 3663 officiis,
1195 3595 1230 3651 et
1244 3596 1329 3651 tem·

423 3689 549 3773 poralia
572 3689 717 3766 uiriliter,
738 3699 773 3755 et
795 3700 919 3756 aetema
942 3691 1031 3754 dona
1051 3686 1221 3773 percipiat.
1267 3686 1331 3751 Per

423 3789 596 3856 dominum
612 3799 763 3854 nostrum
778 3789 906 3854 ihesum
922 3789 1105 3856 christum.t

1498 3898 1610 3964 Statio
1623 3897 1823 3961 adsanctam
1838 3894 1982 3960 mariam
2001 3893 2167 3958 miorem.

755 4089 763 4104 .
805 3964 950 4031 Secreta.
1425 4022 1675 4089 Ounno-rans
1702 4033 1943 4086 summanus
1972 4032 2078 4095 naus
2102 4030 2285 4082 usrasrn·

358 4143 361 4152 '
469 4090 554 4155 Haec
577 4109 638 4154 ¹¹⁰⁵
660 4088 795 4168 ⁰blat¹⁰’
811 4091 903 4166 Μ’
925 4089 1073 4170 mundet’
1093 4107 1281 4173 ‘luemus’
1296 4096 1330 4150 et
1381 4133 1452 4188 tem
1463 4133 1557 4187 tuam
1571 4121 1738 4207 supplices
1749 4141 1934 4198 exoramus,
1947 4128 1984 4184 ut
1999 4119 2084 4183 sicut
2098 4117 2285 4202 unigenitus

424 4199 570 4268 ‘affluet’
586 4189 849 4273 etgubemet’et
862 4199 1026 4274 protegat·
1050 4188 1318 4254 Perdominum·⁷
1382 4223 1467 4288 filius
1486 4234 1562 4288 tuus
1577 4222 1737 4288 hodierna
1756 4222 1811 4287 die
1834 4240 1911 4286 cum
1933 4227 2055 4284 nostrae
2078 4217 2184 4282 carnis
2206 4216 2284 4280 sub·

1382 4322 1506 4387 stantia
1527 4321 1705 4406 intemplo
1723 4329 1775 4386 est
1792 4326 2023 4404 praesentatus,
2039 4316 2087 4382 ita
2104 4336 2165 4381 nos
2184 4315 2285 4380 iacias

788 4364 963 4446 Proesatio.
1446 4425 1452 4440 ,
1736 4422 1743 4437 ,
2000 4419 2007 4434 ,

1382 4423 1561 4508 purificatus
1570 4423 1630 4490 trbr
1641 4422 1807 4487 mentibus
1817 4429 2019 4505 praesentan.
2035 4417 2098 4483 Per
2105 4417 2274 4483 eundemr

469 4490 514 4557 U.
548 4489 592 4555 D.
621 4497 748 4554 aeteme
778 4490 870 4554 deus.
924 4487 984 4554 Ad
1013 4488 1105 4554 cuius
1135 4487 1330 4552 immensam

425 4592 567 4674 pertinet
593 4588 744 4673 gloriam,
770 4600 807 4654 ut
834 4609 901 4654 non
925 4589 1033 4654 solum
1058 4588 1253 4653 mortalibus
1274 4597 1331 4652 tua
1764 4598 1903 4664 Secreta,

426 4691 552 4773 pietate
565 4708 777 4767 succurreres,
792 4689 852 4753 sed
868 4689 911 4753 de
926 4691 998 4773 ipsa
1013 4689 1114 4756 etiam
1130 4687 1332 4753 mortalitate
1428 4725 1573 4799 Exaudi,
1597 4725 1742 4800 domine,
1767 4743 1882 4806 preces
1906 4729 2044 4796 nostras,
2069 4728 2104 4784 et
2125 4729 2163 4783 ut
2186 4719 2289 4800 ἀίξῃ

426 4799 540 4854 nostra
566 4788 662 4856 nobis
689 4789 874 4853 remedium
903 4789 1102 4873 prouideres,
1125 4797 1160 4853 et
1185 4787 1332 4872 perditos
1383 4827 1449 4891 sint
1465 4845 1601 4889 munera
1616 4845 1691 4908 (με
1705 4822 1810 4888 oculis
1825 4831 1892 4887 ωε
1913 4820 2096 4885 maiestatis
2110 4817 2287 4894 offerimus,

426 4889 705 5056 {lflgzffiaunde
738 4888 912 4974 perimis
942 4888 1020 4954 inde
1056 4887 1210 4953 salmes·
1271 4885 1334 4950 Per
1384 4925 1569 4992 subsidium
1584 4923 1681 4988 nobis
1695 4931 1762 4986 tuae
1779 4921 1962 4987 maiestatis
1977 4911 2142 5002 impende.
2188 4916 2276 4981 Pers

730 5102 792 5168 Ad
801 5101 1031 5186 comphndum'
1516 5138 1526 5170 ²
1540 5138 1621 5190 There
1632 5138 1653 5188 is
1665 5153 1699 5188 no
1711 5138 1781 5202 vigit
1792 5138 1869 5188 missa
1880 5136 1906 5186 in
1918 5136 1975 5188 Gel.
1987 5151 2016 5186 or
2027 5135 2059 5186 V.
2071 5149 2100 5186 or
2110 5133 2138 5184 Ζ.

472 5229 670 5298 caelestibus
693 5226 855 5315 (domine)
877 5229 963 5312 pasti
991 5227 1124 5308 deliciis,
1146 5247 1334 5314 quesumus,
1517 5215 1528 5246 ¹
1543 5215 1636 5266 PM
1646 5216 1672 5265 5¹¹
1683 5215 1726 5266 ²¹²0
1737 5216 1869 5281 Proprium
1880 5213 2030 5266 sanaem
2041 5214 2068 5264 m
2079 5213 2107 5264 Z·

429 5340 467 5396 ..
495 5351 627 5414 ...a
658 5331 778 5396 a...
808 5351 867 5414 u
897 5351 974 5415 q..
1419 5294 1713 5440 irruerit..
1896 5291 2145 5430 stratur*

429 5441 635 5514 appetamus.
680 5431 766 5495 Pers
1419 5449 1642 5515 erumpimus.
1896 5447 2139 5512 courteponsum

436 5547 1337 5564 --—-—---·-—-—----·--
1420 5528 1687 5581 V.Sicutsudiuimus
1896 5537 1939 5578 uu.
1951 5524 2168 5592 Egoqumiuus.

625 5612 684 5664 ²0.
696 5628 722 5678 p.
735 5613 789 5678 298.
801 5613 828 5662 2.
1074 5609 1141 5660 ¹112.
1422 5617 1467 5661 Al..
1480 5607 1541 5666 Aue,
1553 5607 1638 5658 maris.
1896 5615 1943 5658 tv.
1956 5605 2093 5670 Postquam
2101 5601 2181 5654 inflati
2189 5604 2267 5667 snt).
