5116 6608
468 625 541 695 290

463 827 545 880 mus;
575 823 742 885 quesumus,
763 814 795 865 ut
819 823 872 881 per
893 803 955 864 eius
979 802 1227 872 intercessionem,
1248 802 1366 879 plebem

462 911 521 963 tuae
543 902 705 962 clementiae
726 899 915 960 famulantem
936 899 976 958 ita
995 899 1026 956 in
1047 899 1183 974 prasenti
1204 897 1314 969 foueas,
1336 907 1368 956 ut

464 998 503 1057 ad
516 996 643 1058 caelestia
656 1012 749 1072 regua
761 993 914 1072 perducas.
956 993 1012 1051 Per
1026 991 1189 1052 dominum.

876 1151 958 1212 ΑΙία.

505 1274 594 1346 Deus,
616 1273 667 1352 qui
690 1274 808 1331 beatum
834 1281 990 1347 martyrem
1012 1282 1094 1332 tuum
1117 1271 1316 1350 leodegarium
1337 1269 1368 1328 in

465 1386 562 1446 agone
573 1367 712 1444 probasti,
724 1377 753 1425 et
766 1366 923 1444 probatum
934 1367 964 1425 in
976 1367 1076 1426 dolore
1091 1367 1259 1443 suscepisti;
1280 1383 1368 1442 quern

463 1462 607 1522 hodierna
618 1461 665 1520 die
680 1461 710 1518 in
721 1460 885 1520 caelestibus
900 1460 1014 1536 gaudiis
1028 1461 1156 1538 recipere
1170 1460 1306 1537 dignatus
1317 1477 1367 1531 es;

464 1565 571 1633 praesta
585 1556 672 1614 nobis
683 1554 797 1614 famulis
812 1555 877 1624 tuis,
892 1556 984 1632 utqui
999 1554 1123 1631 gloriam
1137 1573 1199 1615 non
1214 1572 1368 1625 meremur,

464 1649 677 1725 indulgentiam
702 1659 898 1725 peccatomm,
919 1649 985 1726 ipso
1006 1650 1226 1721 interueniente,
1247 1647 1369 1726 adipisci

464 1761 636 1803 mereamur.
678 1741 742 1801 Per.

857 1822 978 1883 Secreta.

506 1944 621 2004 Auditis
657 1943 826 2004 nominibus
855 1942 1052 2014 offerentium,
1080 1942 1181 2002 fratres
1215 1941 1368 2012 karissimi,

465 2037 579 2099 domini
598 2038 780 2097 maiestatem
796 2038 1004 2113 depraecamur,
1022 2046 1054 2094 ut
1068 2038 1118 2114 qui
1132 2038 1222 2096 uitam
1238 2036 1282 2096 sui
1296 2037 1370 2094 anti·

466 2133 540 2192 stitis
553 2130 709 2207 leodegarii
724 2131 866 2190 transtulit
887 2132 926 2190 ad
939 2148 1089 2202 coronam,
1104 2150 1157 2209 per
1176 2132 1370 2190 interuentum

467 2234 636 2286 sanctorum
663 2226 898 2302 patriarchamm
921 2224 1136 2303 prophetarum,
1161 2225 1370 2302 apostolomrn,

467 2331 496 2379 et
514 2330 681 2396 martyrum,
696 2319 940 2391 anachoritarum,
958 2330 987 2379 et
1003 2320 1159 2396 uirginum,
1179 2320 1370 2397 omniumque

458 2424 635 2474 ,sanctorum
657 2413 819 2473 concedere
841 2414 984 2490 dignetur,
1005 2425 1038 2473 ut
1063 2413 1194 2473 sacrificii
1218 2412 1371 2490 praesentis

467 2509 586 2578 oblatio,
601 2525 668 2584 quae
682 2507 809 2579 offertur,
824 2507 990 2568 uiuentibus
1008 2508 1254 2577 emendationem,
1272 2519 1301 2567 et
1322 2505 1370 2565 de·

467 2601 574 2661 functis
596 2602 798 2661 remissionem
816 2602 946 2660 obtineat
966 2613 1155 2679 peccatomm
1165 2621 1174 2674 3
1196 2611 1226 2660 et
1246 2619 1371 2678 quorum

468 2695 590 2755 nomina
603 2695 634 2753 irr
655 2697 823 2754 recitatione
836 2695 982 2771 patefacta
1003 2707 1071 2756 sunt
1090 2697 1122 2755 in
1136 2696 1299 2756 caelestibus
1319 2713 1372 2772 pa·

467 2789 545 2867 ginis
559 2789 787 2850 conscribantur.
830 2789 893 2848 Per.

793 2935 847 2994 Ad
855 2935 1045 3012 complendam.

510 3055 617 3116 Pacem
629 3067 718 3125 tuam,
730 3054 858 3126 domine,
870 3055 977 3115 nostris
991 3056 1106 3115 illabere
1117 3056 1293 3134 pectoribus,
1304 3056 1373 3132 quia

468 3151 588 3210 beatum
615 3161 771 3226 martyrem
800 3161 881 3208 tuum
913 3149 1111 3227 leodegarium
1134 3151 1165 3208 in
1186 3150 1243 3209 hoc
1265 3149 1373 3210 saeculo

469 3253 702 3304 commorantem
723 3261 775 3320 per
796 3243 878 3321 pacis
903 3243 1031 3302 studium
1054 3243 1142 3303 hodie
1164 3243 1287 3304 caelestis
1308 3242 1374 3302 aula

470 3337 614 3414 suscepit;
642 3337 727 3396 nobis
749 3355 867 3415 quoque
888 3338 1090 3414 peccatoribus
1111 3339 1193 3414 pacis
1214 3337 1373 3406 uinculum,

470 3444 500 3491 et
513 3432 642 3493 karitatis
664 3433 799 3502 studium,
814 3433 876 3492 eius
898 3433 1008 3492 meritis
1029 3433 1264 3511 suffragantibus,
1278 3433 1373 3510 largiri

471 3528 573 3586 iubeas
587 3529 619 3586 in
633 3545 738 3587 aeuum.
781 3527 844 3587 Per.

698 3694 740 3759 lln
759 3697 856 3759 natalr
877 3697 968 3759 unius
989 3697 1145 3776 apusulit

512 3802 549 3860 U.
565 3802 602 3862 D.
618 3813 724 3862 aeterne
739 3803 819 3863 deus.
862 3803 921 3876 Qui
937 3804 1100 3864 aecclesiam
1114 3815 1193 3863 tuam
1209 3806 1240 3862 in
1255 3812 1373 3881 aposto-

471 3896 533 3955 licis
548 3895 745 3956 fundamentis
767 3899 926 3957 consistere
948 3899 1079 3970 tribuisti,
1095 3897 1132 3956 de
1145 3916 1268 3974 quorum
1288 3896 1374 3956 colle·

471 3991 521 4067 gio
543 3991 619 4049 beati
639 3993 689 4050 all.
708 3993 833 4067 apostoli
855 3993 896 4050 tui
919 3992 1092 4069 sollempnia
1113 3992 1303 4052 caelebrantes
1316 4004 1374 4062 tua,

472 4083 601 4156 domine,
615 4086 762 4162 praeconia
776 4102 838 4144 non
854 4097 991 4145 tacemus.
1020 4086 1058 4145 Et
1073 4086 1140 4147 ideo
1153 4105 1221 4146 curn
1236 4088 1355 4162 angelis.

610 4263 652 4329 lin
672 4266 776 4343 uigilia
797 4266 986 4346 plurimorum
1007 4268 1235 4346 apostolorum&

513 4375 549 4435 U.
567 4375 603 4436 D.
619 4391 726 4437 aeterne
741 4377 822 4438 deus.
859 4378 938 4450 Quia
952 4390 983 4438 tu
997 4397 1029 4438 es
1044 4380 1180 4440 mirabilis
1194 4381 1223 4438 irr
1239 4379 1376 4439 omnibus

472 4471 581 4531 sanctis
597 4473 660 4542 tuis,
676 4489 751 4548 quos
766 4484 795 4530 et
810 4473 937 4531 nominis
953 4474 992 4530 tui
1010 4472 1194 4532 confessione
1211 4472 1375 4551 praeclaros,

472 4578 501 4623 et
525 4577 659 4641 suscepta
684 4583 738 4641 pro
764 4576 792 4623 te
816 4565 907 4624 fecisti
931 4569 1068 4643 passione
1092 4566 1244 4642 gloriosos.
1287 4566 1374 4627 Unde

473 4659 547 4717 sicut
562 4658 600 4716 illi
614 4659 771 4717 ieiunando
787 4659 958 4736 orandoque
974 4671 1157 4720 certauerunt
1170 4673 1200 4719 ut
1216 4661 1291 4720 hanc
1305 4680 1375 4738 pos·

473 4761 538 4810 sent
551 4752 681 4810 obtinere
699 4753 858 4823 uictoriam,
874 4754 912 4812 ita
927 4772 1029 4813 eorum
1047 4772 1103 4814 nos
1123 4754 1265 4831 exemplis
1286 4755 1374 4814 infor·

473 4863 595 4914 memur,
611 4857 642 4904 ut
664 4845 701 4904 ad
722 4845 905 4905 caelebranda
927 4849 1080 4923 praesentia
1094 4848 1167 4908 festa
1182 4848 1280 4908 idonei
1294 4849 1374 4909 irrue·

473 4939 593 5010 niamur‚
617 4949 646 4997 et
674 4939 711 4998 ad
740 4953 847 4999 aeterna
876 4941 1064 5018 percipienda
1088 4959 1189 5001 eorum
1212 4943 1373 5003 interuentu

472 5032 553 5110 digni
567 5034 735 5094 iudicemur.
778 5034 835 5094 Per
848 5035 997 5095 christum.

633 5198 676 5262 llo
695 5205 756 5263 nat.
777 5202 968 5281 plurintomrtt
989 5205 1216 5282 apostotorum&

514 5319 552 5379 U.
567 5319 604 5381 D.
620 5335 727 5382 aeterne
742 5324 821 5384 deus.
865 5325 923 5398 Qui
939 5328 1100 5387 aecclesiam
1116 5339 1195 5388 tuam
1210 5331 1239 5388 in
1255 5341 1372 5406 aposto·

473 5413 528 5474 lica
543 5415 684 5476 soliditate
700 5417 834 5490 firmasti;
858 5421 894 5478 de
908 5439 1032 5497 quorum
1048 5425 1194 5482 consortio
1212 5436 1279 5484 sunt
1295 5425 1371 5484 beati

473 5509 598 5583 apostoli
619 5512 659 5568 tui
678 5512 727 5570 all.
749 5531 873 5589 quorum
895 5515 1040 5591 passionis
1062 5516 1140 5576 diem
1161 5517 1266 5576 festum
1288 5519 1372 5578 caele-

540 5655 548 5684 ¹
565 5656 710 5721 Folmtrpb.
842 5659 851 5689 ²
868 5660 922 5712 Fol.
933 5661 1009 5713 1682.
1135 5665 1145 5694 ³
1161 5664 1216 5715 Fol.
1228 5664 1273 5714 168
1284 5666 1307 5715 b.

1102 593 1246 685 inisset
1264 600 1296 675 ri
1312 599 1437 674 turben
1455 599 1486 672 oi
1502 594 1687 693 guntin.

1418 802 1553 872 bramus;
1570 809 1727 875 poscentes
1740 808 1772 857 ut
1786 797 1860 858 sicut
1873 815 1977 858 eorum
1991 796 2130 859 doctrinis
2144 797 2321 868 instmimur,

1418 897 1458 955 ita
1478 893 1621 971 exemplis
1642 893 1808 953 muniamur
1828 903 1858 952 et
1878 893 2023 970 praecibus
2044 892 2224 951 adiuuemu.
2265 891 2321 951 Per

1419 988 1567 1048 christum.

1629 1173 1672 1240 iln
1691 1177 1789 1239 natale
1810 1177 2054 1254 mangeltstatnm
2062 1177 2082 1238 ¹.

1460 1294 1498 1355 U.
1509 1294 1547 1354 D.
1564 1305 1671 1355 aeterne
1686 1295 1766 1355 deus.
1802 1293 1863 1367 Qui
1877 1294 2039 1355 aeclesiam
2053 1308 2133 1354 tuam
2145 1295 2323 1373 sempiterna

1420 1391 1526 1468 pietate
1554 1408 1616 1449 non
1639 1390 1784 1462 deserens,
1806 1408 1859 1467 per
1883 1390 2070 1466 euangelistae
2094 1389 2135 1449 tui
2157 1389 2320 1450 doctrinam

1419 1485 1522 1562 iugiter
1536 1502 1603 1543 eam
1616 1483 1712 1543 erudis
1726 1493 1755 1542 et
1770 1483 1906 1562 protegis.
1948 1483 1987 1544 Et
2001 1482 2077 1542 ideo.

1627 1673 1670 1740 llrt
1688 1676 1787 1739 natalr
1807 1676 1898 1740 nnius
1919 1675 2093 1739 mutassetis
2102 1677 2123 1738 ⁸.

1462 1783 1499 1844 U.
1514 1784 1552 1844 D.
1567 1797 1674 1845 aeterne
1689 1784 1770 1844 deus.
1811 1783 1850 1842 Et
1864 1784 1988 1860 gloriam
2008 1793 2096 1856 tuam,
2112 1783 2240 1854 domine,
2255 1801 2322 1861 pro-

1421 1878 1491 1938 fusis
1514 1879 1657 1956 praecibus
1681 1897 1811 1948 exorare,
1835 1885 1866 1936 ut
1890 1879 1983 1938 sancti
2007 1879 2058 1938 all.
2082 1877 2259 1937 confessoris
2282 1879 2323 1936 tui

1421 1973 1582 2050 patrocinio
1606 1992 1662 2033 nos
1685 1974 1833 2044 adiuuent,
1855 1973 1953 2032 debita
1973 1973 2092 2032 nomine
2118 1982 2169 2033 tuo
2187 1973 2323 2032 seruitute

1421 2067 1595 2146 placeamus.
1638 2067 1694 2127 Per
1710 2067 1859 2128 christum.

1568 2258 1610 2323 lin
1630 2259 1735 2338 uigilia
1755 2259 1944 2339 plurimorum
1965 2258 2162 2322 contrafactum
2170 2260 2191 2321 ⁸.

1462 2378 1499 2441 U.
1522 2380 1560 2440 D.
1581 2391 1689 2440 aeterne
1711 2380 1792 2439 deus.
1835 2379 2010 2440 Sanctorum
2036 2379 2237 2439 consessomm
2260 2389 2323 2440 tuo-

1422 2493 1495 2546 mm,
1510 2474 1639 2547 domine,
1658 2474 1904 2550 sollempnitatem
1921 2473 2154 2550 praeuenientes3
2184 2472 2324 2533 Concede

1423 2569 1563 2646 propitius
1584 2579 1615 2628 ut
1636 2569 1685 2646 qui
1701 2569 1787 2627 donis
1807 2569 1864 2627 tuis
1881 2569 1920 2626 ita
1935 2569 2090 2627 extiterunt
2104 2568 2232 2644 gloriosi,
2246 2567 2323 2644 apud

1422 2673 1450 2721 te
1465 2681 1520 2739 pro
1534 2663 1639 2721 nostris
1654 2663 1780 2721 existant
1795 2661 1964 2722 nominibus
1985 2661 2085 2723 idonei
2106 2663 2323 2722 interueutores.

1423 2756 1479 2818 Per
1492 2755 1640 2816 christum.

1651 2946 1693 3013 lin
1713 2949 1818 3028 uigilia
1838 2949 1930 3012 nnius
1950 2949 2077 3028 uirginis
2086 2952 2107 3011 ⁴.

1464 3055 1501 3116 U.
1515 3056 1552 3116 D.
1569 3065 1676 3116 aeterne
1692 3057 1772 3116 deus.
1814 3055 1853 3115 Et
1874 3058 1967 3116 beatae
1988 3059 2118 3136 martyris
2139 3068 2196 3116 tuae
2211 3058 2261 3116 .r'll.
2276 3076 2325 3118 rra-

1423 3151 1517 3211 talicia
1538 3151 1747 3227 praeueniendo
1767 3152 1893 3222 laudare,
1912 3152 2095 3223 benedicere,
2109 3162 2139 3211 et
2159 3151 2322 3229 praedicare.

1424 3246 1523 3319 Quam
1538 3255 1620 3305 tanto
1635 3264 1755 3304 munere
1770 3246 1940 3316 sublimasti,
1956 3257 1988 3305 ut
2005 3247 2032 3305 ei
2050 3245 2198 3305 conferres
2218 3257 2248 3306 et
2268 3247 2324 3303 uir-

1423 3340 1550 3416 ginitatis
1565 3358 1715 3409 coronam,
1731 3352 1760 3399 et
1774 3341 1902 3417 martyrii
1917 3341 2055 3416 palmam.
2098 3340 2204 3417 Sicque
2222 3340 2324 3400 uirtute

1425 3433 1490 3493 fidei
1516 3445 1544 3492 et
1572 3433 1678 3493 decore
1707 3433 1845 3512 pudicitia
1869 3434 2000 3511 polleret,
2023 3445 2054 3494 ut
2084 3435 2209 3494 caelestia
2235 3451 2325 3510 regna

1424 3529 1508 3606 uirgo
1524 3529 1629 3605 pariter
1643 3539 1672 3587 et
1686 3540 1793 3605 martyr
1806 3531 1932 3589 intraret.
1974 3528 2029 3588 Per
2045 3529 2191 3589 christum.

1658 3714 1700 3780 lin
1720 3718 1818 3779 natale
1837 3718 1929 3780 anina
1950 3717 2078 3795 uirginis
2088 3719 2110 3779 ⁸.

1466 3821 1504 3881 U.
1518 3821 1556 3882 D.
1571 3834 1678 3882 aeterne
1692 3822 1773 3882 deus.
1815 3823 1914 3882 Beatae
1928 3824 1978 3882 all.
1995 3824 2128 3884 natalicia
2146 3823 2325 3896 recolentes;

1426 3918 1504 3977 Uere
1522 3919 1601 3977 enim
1616 3918 1701 3978 huius
1716 3918 1907 3979 honorandus
1921 3930 1965 3978 est
1980 3919 2051 3991 dies,
2065 3937 2131 3996 quae
2153 3919 2195 3978 sic
2218 3929 2325 3977 terrena

1426 4015 1613 4090 generatione
1627 4014 1775 4089 processit,
1790 4023 1821 4071 ut
1842 4013 1878 4072 ad
1893 4012 2050 4072 diuinitatis
2065 4013 2246 4072 consortium
2264 4029 2325 4088 per-

1427 4107 1546 4167 ueniret.
1588 4106 1643 4166 Per
1659 4107 1807 4167 christum.

1553 4285 1596 4350 ltrt
1616 4288 1816 4351 anniuersario
1836 4287 2024 4351 subitationis
2043 4288 2197 4351 busilita‘.

1467 4393 1505 4454 U.
1520 4394 1557 4453 D.
1573 4409 1680 4455 aeterne
1695 4397 1775 4458 deus.
1814 4397 1871 4457 Pro
1885 4415 1983 4456 annua
1997 4396 2181 4456 dedicatione
2196 4399 2326 4456 taberna·

1427 4489 1484 4548 culi
1498 4489 1582 4548 huius
1603 4491 1745 4550 honorem
1766 4492 1817 4550 tibi
1839 4491 2003 4568 gratiasque
2025 4490 2105 4561 ferre,
2122 4509 2174 4568 per
2188 4490 2326 4550 christum

1427 4584 1577 4642 dominum
1604 4598 1744 4644 nostrum.
1788 4584 1878 4645 Cuius
1902 4586 1993 4644 uirtus
2018 4603 2132 4662 magna,
2157 4586 2249 4662 pietas
2277 4603 2326 4644 co·

1427 4678 1517 4754 piosa.
1560 4677 1695 4756 Respice,
1718 4697 1886 4756 quesumus,
1907 4679 1944 4738 de
1965 4679 2047 4748 caelo,
2062 4689 2091 4738 et
2112 4679 2179 4740 uide
2196 4691 2225 4739 et
2244 4681 2326 4740 uisita

1428 4772 1547 4830 domum
1563 4774 1665 4845 istam;
1689 4785 1719 4832 ut
1733 4776 1756 4833 si
1772 4775 1837 4851 quis
1857 4775 1887 4832 in
1902 4791 1939 4832 eo
1954 4773 2066 4832 nomini
2083 4784 2134 4832 tuo
2149 4775 2325 4850 supplicatus

1427 4867 1519 4937 fuerit,
1538 4867 1657 4926 libenter
1678 4869 1833 4942 exaudias;
1857 4879 1886 4926 et
1907 4867 2149 4927 satisfacientibus
2170 4869 2326 4929 clementer

1426 4964 1570 5038 ignoscas.
1617 4961 1676 5022 Hic
1701 4964 1752 5022 tibi
1778 4963 1943 5022 sacerdotes
1969 4963 2009 5021 tui
2034 4963 2206 5022 sacrificium
2235 4963 2325 5023 laudis

1425 5055 1557 5115 offerant.
1606 5056 1665 5116 Hic
1694 5057 1786 5116 fidelis
1814 5057 1941 5134 populus
1969 5067 2039 5116 uota
2067 5058 2222 5134 persoluat
2268 5058 2325 5118 Hic

1425 5162 1611 5228 peccatorum
1627 5152 1737 5212 honera
1752 5154 1944 5229 deponantur.
1987 5152 2046 5212 Hic
2061 5153 2134 5213 fides
2153 5165 2255 5214 sancta
2269 5167 2324 5214 sta·

1425 5247 1545 5306 bilietur.
1568 5247 1627 5306 Hic
1652 5249 1716 5323 ipse
1743 5248 1818 5307 inter
1839 5249 1951 5306 bonum
1974 5248 2143 5324 malumque
2168 5249 2324 5322 discernas,

1425 5360 1491 5400 curn
1502 5360 1620 5401 causam
1630 5342 1826 5418 interpellatus
1836 5341 2016 5412 iudicaueris,
2027 5360 2116 5418 quarn
2126 5361 2187 5402 non
2199 5344 2323 5421 ignoras.

1425 5436 1483 5496 Hic
1497 5438 1590 5513 pietas
1611 5437 1743 5496 absoluta
1763 5437 1870 5496 redeat.
1913 5437 1993 5496 Hinc
2014 5437 2149 5514 iniquitas
2169 5440 2322 5499 emendata
2391 5462 2400 5482 ·

1491 5585 1498 5615 ¹
1516 5585 1570 5636 Fol.
1581 5587 1626 5636 168
1634 5587 1658 5636 b.

1491 5664 1499 5692 ⁴
1517 5664 1573 5716 Fol.
1583 5676 1627 5729 ryr
1639 5681 1661 5716 a.

1787 5583 1797 5613 ¹
1814 5585 1957 5648 Folryoa.
1988 5573 1996 5589 ⁰

1789 5663 1871 5715 ‘rot
1883 5665 1958 5728 ryrb

2089 5587 2099 5616 ³
2115 5586 2261 5649 Fotryob.

2088 5663 2099 5694 ⁸
2115 5664 2170 5716 Fol
2182 5675 2260 5728 tyra.
