5116 6608
637 530 860 626 misna.

494 755 537 822 ils
557 757 668 822 ottonis
690 755 846 840 qqhanis
864 754 983 820 moini.

665 878 807 959 Prgfioiio.

326 986 405 1062 Quia
419 1004 488 1047 cum
502 987 678 1066 unigenitus.
725 985 766 1045 Ut
776 995 872 1062 supro

474 1180 564 1254 ieris
580 1179 678 1246 llll.
711 1180 755 1245 iu
773 1181 865 1264 rapite
886 1179 995 1244 ieiunii.

519 1313 612 1375 Slotio
625 1315 665 1375 od
675 1321 800 1374 sonciom
813 1315 950 1374 sababum.

665 1434 805 1514 Prefatio.

323 1540 362 1602 V.
384 1540 423 1603 D.
446 1551 553 1603 aeteme
581 1541 662 1603 deus.
722 1542 782 1615 Qui
811 1542 954 1620 corporali
982 1541 1090 1602 ieiunio
1118 1540 1188 1600 uitia

282 1638 460 1714 comprimis,
476 1646 605 1697 mentem
627 1638 735 1709 eleuas,
750 1637 886 1699 uirtutem
899 1636 1011 1714 largiris
1025 1645 1055 1696 et
1067 1635 1187 1714 premia.

283 1732 339 1793 Per
353 1733 493 1794 christum
509 1731 664 1793 dominum
678 1743 821 1792 nostrum

544 1933 701 1998 Domiuira
720 1933 816 2016 prima
836 1933 866 1996 in
886 1935 922 2000 sl

584 2061 676 2124 Staio
688 2064 730 2122 od
739 2063 888 2123 lateranas.

661 2175 804 2253 Presohb.

322 2283 361 2345 U.
381 2282 419 2342 D.
440 2301 492 2361 per
513 2281 654 2342 christum
680 2283 834 2343 dominum
859 2292 1001 2342 nostrum.
1045 2281 1105 2355 Qui
1130 2299 1185 2358 pro

281 2379 368 2438 nobis
382 2388 483 2453 qtemo
497 2378 571 2454 patri
586 2377 642 2453 adq
657 2377 788 2436 debitum
803 2376 898 2449 soluit,
914 2386 943 2436 et
956 2377 1063 2438 ueteris
1078 2376 1185 2456 piaculi

281 2473 447 2534 cautionem
460 2473 511 2550 pio
525 2489 629 2533 cruore
644 2471 770 2532 detersit
812 2470 876 2532 Per.

664 2663 754 2737 ieris
770 2665 801 2728 il.

504 2796 595 2858 Statio
607 2798 649 2857 od
658 2799 772 2856 maculo
784 2798 878 2856 sancii
884 2797 968 2874 petri.

659 2909 799 2988 Prcsotrb.

320 3017 381 3091 Qui
395 3016 548 3097 corporali.
594 3013 741 3093 Utsupra.

576 3203 733 3270 Domitios
750 3205 781 3269 ii.
799 3206 830 3268 ia
845 3206 881 3269 11.

659 3338 801 3414 Presaisb.

322 3449 357 3510 V.
382 3449 420 3510 D.
444 3468 496 3528 per
520 3449 658 3509 christum
681 3449 836 3510 dominum
858 3461 1000 3511 nostrum.
1043 3450 1104 3524 Qui
1128 3470 1181 3529 pro

281 3547 365 3606 nobis
380 3555 480 3605 eterno
493 3544 575 3621 patri.

333 3651 372 3711 Ul
382 3663 471 3730 supra
485 3670 569 3727 usque
582 3652 613 3709 in
626 3651 791 3710 domsiu'com
799 3652 973 3728 missarum,
987 3652 1132 3712 dominicis

673 3751 787 3806 tontum.

424 3933 467 3998 llo
488 3931 944 4006 ibbonaoatiiita.1loo.1isr.
966 3933 1018 3998 itii.

525 4069 616 4132 Saos
628 4071 670 4130 ad
678 4077 805 4130 sanciunt
812 4078 934 4148 petrum.

659 4190 800 4269 Presoh'o.

319 4296 356 4358 U.
371 4296 409 4358 D.
423 4315 476 4376 per
490 4297 629 4357 christum
644 4297 799 4358 dominum
813 4308 954 4358 nostrum.
998 4298 1057 4372 Qui
1075 4299 1180 4359 illumi·

280 4393 395 4452 natione
423 4411 475 4468 sue
502 4391 571 4451 lidei
599 4391 732 4452 tenebras
765 4392 875 4469 expulit
902 4393 1013 4453 mundi.
1055 4393 1181 4470 Require

279 4491 359 4546 reiro.

279 4678 410 4746 arunte
428 4663 495 4744 aitte
510 4681 637 4761 palmas.
673 4682 814 4747 Donnes
829 4699 906 4765 papa
922 4682 1106 4747 elemosinam
1119 4685 1180 4748 bat.

384 4772 550 4838 Sabbatrun
569 4779 665 4840 natat
705 4775 862 4839 Dominus
882 4775 912 4839 in
932 4776 1039 4857 palatis
1050 4779 1069 4841 ¹.

574 4908 669 4968 Lectio
682 4909 756 4968 libri
766 4909 878 4970 exodi¹.

316 5013 352 5073 In
367 5015 470 5075 diebus
484 5014 538 5075 illis
552 5026 695 5075 uenerunt
709 5016 758 5075 filii
772 5016 857 5076 israel
871 5017 900 5074 in
915 5016 1020 5094 helym,
1032 5017 1081 5075 ubi
1096 5027 1179 5075 erant

309 5178 318 5208 ¹
334 5179 459 5229 Pamelius
468 5179 542 5230 iniens
553 5180 618 5230 srom
630 5179 681 5229 this
689 5179 752 5240 title,
761 5180 844 5231 which
856 5195 942 5231 occurs
953 5181 978 5230 in
988 5179 1030 5230 tbe
1039 5179 1177 5245 Gregorian

277 5255 472 5322 Sacramentnry,
483 5257 567 5308 which
581 5257 613 5310 he
629 5258 721 5316 edited.
733 5259 788 5309 that
804 5258 847 5309 the
860 5258 991 5324 following
1008 5257 1078 5309 office
1095 5259 1116 5307 is
1131 5265 1177 5308 not

278 5335 422 5401 Gregorian.
455 5336 510 5387 The
526 5337 643 5402 meaning
659 5336 688 5387 os
702 5337 722 5387 it
738 5337 759 5387 is
775 5337 906 5403 explained
920 5337 954 5402 by
966 5337 1064 5398 Alcuin,
1078 5337 1134 5388 Lib.
1145 5337 1176 5386 de

278 5412 334 5464 Div.
346 5413 393 5464 Off.
406 5431 431 5480 p.
445 5427 507 5479 ²45³
525 5415 676 5476 Amalariua,
691 5415 722 5466 de
734 5415 830 5467 Eccles.
843 5415 915 5468 Offic.
926 5415 971 5467 lib.
983 5416 1000 5467 i.
1012 5431 1033 5468 c.
1045 5431 1068 5483 9.
1080 5431 1105 5480 p.
1117 5428 1173 5479 321,

276 5491 335 5541 edit.
346 5491 469 5558 Hittorp„
480 5493 557 5551 Paris,
570 5491 641 5560 1624.

308 5567 319 5599 ²
333 5569 379 5622 Re
391 5585 433 5621 xv.
444 5570 540 5638 ay-xvi.
552 5583 590 5622 ro.

1490 523 1662 604 beaute
1688 525 1721 600 iu
1747 521 1890 619 voluis.
2067 541 2138 618 255

1242 727 1399 790 duodecim
1424 726 1520 786 iontes
1545 743 1687 804 aquantm
1710 735 1740 786 et
1767 725 1952 804 septuaginta
1979 724 2085 804 palme,
2111 735 2141 786 et

1239 833 1334 884 castra
1354 821 1453 882 metati
1475 829 1543 882 sunt
1564 821 1644 882 iuxta
1664 837 1764 899 aquas.
1806 818 1990 897 Proiectique
2013 831 2081 880 sunt
2101 820 2139 880 de

1239 916 1344 995 helym,
1372 925 1402 976 et
1427 916 1510 976 uenit
1536 916 1634 976 omnis
1661 913 1816 975 multitudo
1844 913 1969 974 filiorum
1995 915 2081 976 israel
2107 915 2139 974 in

1239 1011 1386 1072 desertum
1415 1027 1481 1088 syn,
1504 1010 1650 1088 quodest
1675 1009 1750 1068 inter
1770 1008 1869 1088 helym
1893 1019 1922 1069 et
1943 1011 2034 1088 synai,
2052 1009 2138 1089 quin-

1239 1107 1387 1166 todecimo
1408 1105 1455 1166 die
1478 1104 1588 1164 mensis
1613 1103 1734 1164 secundi
1758 1113 1915 1181 postquam
1939 1105 2048 1181 egressi
2072 1113 2140 1164 sunt

1239 1199 1276 1260 de
1298 1210 1374 1260 terra
1398 1200 1506 1277 egypti.
1551 1195 1590 1258 Et
1616 1198 1807 1258 murmorauit
1829 1199 1927 1258 omnis
1951 1199 2140 1277 congregatio

1239 1294 1365 1355 filiorum
1389 1293 1474 1354 israel
1497 1303 1600 1354 contra
1621 1311 1745 1371 moysen
1768 1301 1798 1352 et
1818 1309 1909 1352 aaron
1929 1292 1961 1351 in
1975 1293 2140 1366 solitudine,

1239 1387 1442 1466 Dixeruntque
1459 1387 1516 1446 ad¹
1531 1405 1584 1448 eos
1599 1387 1648 1446 filii
1662 1386 1783 1447 israel¹:
1804 1385 1925 1446 Utinam
1939 1387 2046 1448 mortui
2059 1405 2141 1448 esse·

1238 1501 1305 1542 mos
1319 1500 1371 1562 per
1385 1499 1507 1540 manum
1523 1481 1636 1542 domini
1654 1482 1775 1541 interra
1795 1481 1903 1560 egypti,
1918 1481 2037 1559 quando
2058 1481 2142 1542 sede·

1237 1578 1343 1637 bamus
1357 1594 1445 1653 super
1459 1576 1532 1636 ollas
1546 1577 1687 1649 carnium,
1701 1587 1731 1635 et
1745 1574 1973 1636 comedebamus
1987 1594 2095 1652 panem
2109 1577 2141 1635 in

1238 1671 1401 1732 saturitate!
1432 1687 1484 1730 cur
1508 1670 1662 1731 induxistis
1690 1687 1747 1730 nos
1774 1670 1805 1730 in
1833 1668 1980 1729 desertum
2002 1669 2087 1742 ishrd,
2109 1679 2141 1729 ut

1237 1765 1409 1826 occideretis
1426 1783 1548 1824 omnem
1567 1765 1784 1826 multitudinem
1800 1764 1898 1826 famei
1939 1764 2022 1825 Dixit
2042 1774 2140 1824 autem

1237 1859 1375 1920 dominus
1389 1859 1428 1919 ad
1449 1877 1589 1938 moysen:
1611 1859 1690 1921 Ecce
1705 1877 1763 1937 ego
1784 1859 1884 1936 pluam
1897 1859 1984 1920 uobis
1997 1877 2089 1938 panes
2103 1857 2141 1918 de

1238 1954 1312 2029 celo.
1354 1953 1527 2031 Egrediamr
1550 1954 1679 2034 populus
1703 1965 1734 2015 et
1756 1953 1874 2032 colligat
1896 1972 1954 2032 que
1979 1953 2142 2016 sufficiant¹

1139 2057 1141 2063 '
1238 2067 1290 2127 per
1310 2049 1441 2128 singulos
1462 2049 1533 2122 dies,
1547 2058 1579 2110 ut
1599 2058 1741 2128 temptem
1763 2065 1832 2108 eum
1850 2057 1947 2109 utrum
1961 2047 2091 2108 ambulet
2109 2047 2142 2108 io

1237 2143 1302 2220 lege
1316 2162 1383 2204 mea
1396 2163 1435 2203 an
1449 2162 1519 2204 nou.
1561 2143 1618 2204 Die
1638 2154 1737 2204 autem
1758 2153 1842 2204 seam
1855 2153 1959 2220 parent
1972 2143 2054 2220 quod
2068 2140 2140 2200 inse-

1236 2247 1311 2310 rant,
1333 2247 1362 2298 et
1383 2238 1420 2298 sit
1441 2239 1563 2316 duplum
1585 2256 1675 2317 quam
1696 2238 1834 2315 colligere
1854 2236 1988 2298 solebant
2008 2253 2062 2313 per
2082 2236 2141 2296 sin·

1236 2331 1322 2408 gulos
1336 2332 1408 2393 dies.
1450 2333 1652 2412 Dixeruntque
1673 2349 1792 2412 moyses
1813 2341 1843 2392 et
1864 2349 1955 2392 aaron
1975 2332 2014 2391 ad
2035 2348 2139 2391 omnes

1236 2425 1311 2486 filios
1335 2426 1435 2486 israel:
1463 2427 1598 2505 Uespero
1622 2428 1718 2488 scietis
1739 2426 1821 2505 quod
1845 2426 1983 2487 dominus
2008 2425 2141 2486 eduxerit

1236 2538 1291 2581 uos
1305 2521 1343 2580 de
1356 2531 1433 2581 terra
1446 2522 1552 2600 egypti,
1568 2532 1598 2582 et
1611 2541 1699 2581 mane
1713 2520 1847 2582 uidebitis
1861 2519 1985 2598 gloriam
2000 2519 2140 2592 domini⁸‚

1235 2614 1345 2676 Audiui
1363 2617 1444 2675 enim
1464 2634 1595 2676 murmur
1607 2626 1737 2676 oestrum
1751 2625 1855 2676 contra
1869 2614 2032 2674 dominum.
2074 2611 2140 2674 Nos

1235 2727 1307 2769 uero
1331 2710 1403 2788 quid
1427 2727 1528 2770 sumus
1549 2711 1617 2787 quia
1644 2709 1815 2771 mussitastis
1843 2718 1946 2768 contra
1980 2709 2057 2768 nos?
2098 2705 2138 2767 Et

1236 2804 1274 2863 ait
1288 2822 1415 2882 moyses,
1427 2803 1517 2864 Dabit
1531 2805 1616 2865 uobis
1632 2804 1769 2865 dominus
1783 2821 1906 2880 uespere
1920 2820 2024 2863 carnes
2041 2802 2137 2876 edere,

1236 2909 1265 2957 et
1284 2916 1372 2959 mane
1393 2917 1486 2976 panes
1506 2900 1537 2958 in
1559 2899 1725 2972 saturitate;
1757 2915 1794 2958 eo
1815 2895 1897 2974 quod
1915 2895 2038 2956 audierit
2057 2913 2138 2956 mur-

1236 2997 1415 3058 murationes
1442 3007 1563 3070 uestras,
1591 2998 1697 3075 quibus
1728 2995 1898 3056 murmurati
1932 2995 2001 3054 estis
2036 3005 2139 3054 contra

1235 3109 1312 3149 eum.
1341 3089 1407 3151 Nos
1420 3092 1499 3151 enim
1511 3092 1582 3168 quid
1596 3091 1718 3152 sumus?
1745 3088 1811 3150 Nec
1819 3097 1922 3149 contra
1931 3105 1986 3148 nos
2000 3096 2045 3148 est
2058 3106 2138 3147 mur·

1235 3202 1300 3243 mur
1313 3195 1452 3258 uestrum,
1467 3185 1518 3246 sed
1537 3197 1640 3246 contra
1657 3183 1819 3245 dominum.
1861 3182 2001 3260 Dixitque
2019 3199 2138 3259 moyses

1234 3280 1273 3339 ad
1287 3297 1397 3340 aaron:
1420 3279 1476 3339 Dic
1497 3279 1632 3355 uniuerse
1653 3276 1875 3356 congregationi
1896 3276 2022 3336 liliorum
2042 3275 2135 3348 israel,

1235 3374 1375 3434 Accedite
1396 3391 1497 3435 coram
1514 3373 1657 3446 domino;
1687 3372 1798 3432 audiuit
1817 3371 1897 3430 enim
1918 3389 2050 3430 murmur
2070 3387 2137 3430 ues-

1234 3477 1319 3527 trum.
1361 3466 1496 3546 Cumque
1521 3467 1685 3545 loqueretur
1706 3483 1796 3525 aaron
1824 3464 1862 3524 ad
1890 3482 2011 3524 omnem
2039 3474 2137 3540 cetum

1234 3562 1360 3622 filiorum
1382 3563 1475 3635 israel,
1503 3570 1695 3640 respexerunt
1721 3561 1761 3620 ad
1788 3558 1982 3632 solitudinem,
2010 3567 2039 3618 et
2066 3576 2137 3620 ecce

1233 3656 1326 3734 gloria
1340 3657 1452 3717 domini
1466 3657 1646 3736 apparuitin
1660 3654 1747 3714 nube.
1828 3649 1830 3656 '

1233 3777 1342 3837 Deinde
1354 3780 1481 3837 saltatur
1491 3779 1629 3836 ascensum
1644 3777 1676 3834 in
1688 3773 1852 3846 turabulum,
1863 3780 1890 3833 et
1894 3774 2027 3851 procedat
2034 3773 2136 3849 archy-

1437 3872 1576 3945 diaconus,
1586 3878 1614 3930 el
1624 3872 1735 3949 legatur
1748 3868 1932 3948 euangelium.

1504 4068 1659 4131 Secundam
1675 4068 1819 4128 iohannem
1827 4068 1847 4128 ⁴.

1274 4191 1310 4252 ln
1331 4192 1380 4253 illo
1400 4202 1541 4271 tempore.
1583 4193 1686 4252 Turba
1706 4191 1797 4252 multa
1817 4207 1876 4269 que
1898 4199 2077 4251 conuenerat
2097 4189 2135 4250 od

1233 4287 1312 4347 diem
1333 4287 1441 4348 festum
1462 4307 1546 4364 usque
1565 4305 1635 4347 ecce
1656 4285 1783 4346 mundos
1797 4294 1875 4344 totus
1896 4295 1963 4360 post
1980 4302 2048 4344 eum
2065 4284 2134 4342 abit

1232 4381 1359 4458 Require
1372 4385 1403 4441 in
1416 4383 1557 4459 euangelio
1571 4383 1598 4440 ii
1596 4382 1678 4461 seriy
1691 4381 1808 4439 masbrto
1821 4379 1991 4454 hebdomoda.

1272 4475 1381 4535 Deinde
1391 4478 1501 4535 accedat
1512 4478 1650 4552 epsicopus
1663 4482 1689 4534 ei
1701 4475 1838 4533 mdia!
1844 4492 1940 4533 ramos
1953 4475 1993 4532 ilo
2006 4473 2132 4535 dt'cmdo:

1272 4571 1420 4631 Dominus
1433 4571 1596 4630 uobiscum.
1640 4569 1777 4631 Oremus.

1273 4666 1364 4740 Deus,
1379 4667 1461 4726 cuius
1476 4664 1551 4724 filius
1565 4683 1620 4742 pro
1640 4665 1732 4724 salute
1751 4663 1867 4740 generis
1880 4661 2001 4722 humani
2017 4661 2053 4722 de
2067 4660 2132 4736 celo

1232 4759 1392 4821 descendit.
1434 4758 1567 4836 Require.

1590 4839 1662 4900 Aleis
1675 4841 1771 4900 molto.

1270 4961 1360 5034 Deus,
1376 4961 1426 5038 qui
1440 4960 1621 5037 temporibus
1642 4977 1700 5019 noe
1720 4959 1819 5019 lamuli
1834 4957 1876 5018 tui
1896 4976 1949 5035 per
1962 4957 2130 5018 columbam

1229 5074 1343 5115 ramum
1363 5054 1440 5130 oliue
1461 5055 1620 5114 uirentibus
1641 5053 1716 5113 foliis
1736 5054 1767 5112 in
1788 5071 1839 5112 ore
1860 5051 2047 5124 deserentem,
2062 5062 2130 5128 post

1229 5150 1329 5209 diluuii
1346 5149 1520 5210 effusionem
1539 5166 1644 5228 pacem
1657 5148 1826 5208 hominibus
1838 5147 1983 5207 redditam
1997 5147 2128 5206 nunuare

1260 5335 1291 5365 ¹-¹
1308 5335 1355 5384 hlii
1367 5335 1439 5386 brael
1451 5335 1483 5386 ad
1494 5350 1538 5386 eos
1549 5333 1609 5388 Vni.

1260 5413 1271 5444 ¹
1286 5414 1408 5466 sufficiunt
1420 5413 1477 5465 Vol.

1260 5491 1270 5522 ¹
1285 5493 1341 5542 Tne
1352 5493 1383 5542 le
1395 5491 1501 5542 henou
1512 5491 1572 5544 ends
1581 5491 1648 5547 here.
1682 5491 1708 5544 S.
1720 5491 1850 5544 continues
1861 5507 1889 5544 as
1899 5489 1965 5544 bera

1260 5570 1270 5600 ⁴
1286 5570 1357 5622 loau.
1368 5569 1412 5622 xii.
1424 5581 1513 5638 12-19.
