5122 6610
703 612 953 688 hauritionis.
1658 599 1907 676 ttmrttnirurs.

1330 806 1445 872 clitum
1480 803 1524 869 de
1555 801 1643 868 caelis
1671 803 1704 865 in
1742 800 1827 866 hanc
1864 798 2099 884 pinguedinem
2136 795 2234 879 oliue,
2263 807 2266 814 ⁴

424 976 646 1058 Omnipotens
669 971 868 1054 sempiterne
894 969 986 1044 deus,
1009 968 1066 1052 qui
1089 985 1279 1050 regenerare
1332 926 1441 1018 quam.
1458 905 1500 968 de
1520 902 1615 967 uifidi
1638 900 1728 1014 ligio
1751 901 1931 983 producere
1953 898 2109 981 dignatus
2131 917 2167 960 es
2188 897 2232 1008 ,ad

1332 1005 1543 1070 reiectionem
1573 1021 1727 1084 corporis.
1759 999 1809 1064 Ut
1842 1009 1899 1063 tua
1934 1007 2048 1062 sancta
2077 996 2233 1060 benedic·

379 1077 535 1158 dignatus
561 1094 596 1138 ⁶⁵
620 1069 775 1159 hun⁰l⁰⁸i
798 1065 1028 1154 famulum(os)
1051 1061 1211 1147 luumloei
1235 1085 1278 1126 ex
1331 1107 1422 1170 tione
1459 1105 1501 1167 sit
1532 1101 1623 1165 omni
1653 1100 1789 1182 ungenti
1825 1099 1975 1181 tangenti
2008 1106 2232 1160 tutamentum

379 1196 466 1289 aqui
497 1183 534 1289 ,et
571 1173 686 1256 spiritu
702 1273 709 1286 ‚
725 1181 849 1248 ΜΨ
882 1171 1004 1253 ‘inique
1042 1169 1163 1233 dedisti
1193 1162 1279 1280 eliis)
1333 1205 1453 1269 mentis
1477 1212 1510 1267 et
1537 1201 1690 1282 corporis,
1716 1200 1759 1262 ad
1790 1197 2000 1263 euacuandos
2030 1215 2147 1260 omnes
2174 1195 2235 1258 do·

380 1294 604 1339 ¹⁸¹¹¹¹⁵⁵¹⁰nem
620 1290 769 1336 ⁰mn¹⁰m
791 1280 1012 1353 peccatorum·
1056 1267 1119 1346 Tu’
1135 1267 1278 1340 ‘imme’
1332 1304 1425 1382 iores,
1448 1320 1631 1382 omnesque
1661 1298 1878 1374 infirmitates,
1901 1316 2035 1360 ornnem
2066 1294 2234 1377 aegritudi-

616 837 664 904 ἰὴ
684 852 792 902 manns
813 835 1036 919 impunitatem.

379 1375 511 1438 inmitte
541 1374 574 1436 in
603 1368 735 1486 eum(is)
759 1369 984 1482 septis⁰fm²m
1008 1369 1159 1482 spirltum
1170 1375 1278 1479 ,Auum
1333 1424 1408 1468 nem
1424 1401 1577 1484 corporis,
1590 1398 1678 1463 unde
1694 1399 1818 1462 unxisti
1831 1398 2027 1470 sacerdotes,
2041 1415 2143 1476 reges,
2159 1413 2235 1476 pro·

379 1483 531 1588 sanctum
547 1472 742 1586 paraclitum
758 1470 802 1533 de
817 1468 914 1582 caelrs.
949 1468 1020 1532 Das
1032 1463 1279 1581 e1(rs·)·sp1rrtum
1333 1503 1459 1586 phetas,
1490 1509 1523 1564 et
1557 1508 1718 1580 martyres
1747 1497 1889 1563 chrisma
1918 1507 2013 1560 tuum
2044 1493 2234 1577 perfectum,

378 1583 557 1657 saplentrae,
573 1582 607 1636 et
623 1569 818 1644 intellectus,
832 1578 982 1651 spiritum
999 1567 1124 1633 consrln
1140 1575 1174 1630 et
1190 1565 1281 1629 tortr-
1333 1603 1518 1680 domine,a
1547 1607 1582 1662 te
1611 1598 1831 1661 benedictum·
1878 1597 1917 1659 In
1948 1595 2080 1659 nomine
2110 1591 2236 1657 domini

378 1674 512 1749 tudinis,
533 1673 682 1754 spiritum
705 1670 850 1734 scientiae
874 1679 908 1733 et
930 1669 1073 1751 pietatis.
1118 1665 1280 1750 Adimple
1332 1703 1435 1765 nostri
1458 1699 1550 1764 ihesu
1574 1698 1696 1762 christi.
1746 1698 1808 1762 Per
1829 1716 1929 1778 quem
1952 1693 2014 1776 hec
2033 1693 2154 1770 omnia,
2176 1691 2236 1754 do·

380 1769 523 1858 eum(os)
535 1772 649 1855 spiritu
665 1770 793 1833 timoris
809 1769 862 1832 dei
879 1778 912 1832 et
927 1767 1054 1832 domini
1070 1767 1172 1830 nostri
1188 1766 1279 1829 ihesu

378 1873 499 1950 christi,
514 1881 547 1936 et
570 1871 726 1952 consigna
750 1864 892 1954 eum(os)
916 1868 1010 1950 signo
1030 1875 1154 1931 sanctae
1177 1867 1280 1930 crucis

379 1982 446 2035 tuae
461 1971 659 2055 propitiatus
675 1970 709 2032 in
725 1969 830 2033 uitam
845 1979 1015 2032 aeternam.
1061 1966 1123 2030 Per
1138 1967 1279 2030 eundem

379 2073 552 2136 dominum
572 2079 719 2133 nostrum
736 2068 863 2132 ihesum
880 2067 1036 2132 christum
1052 2066 1156 2129 filium
1175 2075 1280 2139 tuum,

379 2191 454 2236 curn
471 2192 537 2252 quo
554 2169 638 2234 uiuis
657 2178 691 2233 et
715 2188 843 2250 regnas,
859 2168 942 2232 deus
964 2187 1023 2250 per
1037 2167 1149 2230 omnia
1171 2163 1281 2247 secula

379 2271 576 2335 seculorum.
621 2266 760 2332 Amenr

423 2370 550 2454 Accipe
587 2370 718 2450 signum
752 2367 855 2432 crucis
886 2365 1062 2430 chrismate
1096 2364 1212 2429 salutis
1249 2363 1281 2426 in

379 2470 502 2535 christo
518 2469 610 2533 ihesu
628 2470 660 2531 in
677 2469 781 2532 uitam
797 2477 968 2530 aetemam.
1013 2465 1136 2528 Amen.

423 2569 512 2633 Ecce
535 2570 580 2634 sic
605 2568 823 2632 benedicetur
848 2567 957 2630 omnis
982 2565 1083 2630 homo
1106 2565 1162 2647 qui
1187 2564 1282 2629 timet

380 2671 562 2734 dominum.
607 2668 789 2732 Benedicat
812 2668 872 2731 tibi
894 2663 982 2752 (uos)
997 2667 1151 2730 dominus
1172 2666 1282 2739 exion,

382 2781 415 2834 et
431 2763 616 2853 uideas(tis)
633 2787 708 2849 quae
731 2767 820 2831 bona
842 2776 919 2830 sunt
940 2767 973 2829 in
992 2764 1189 2829 hierusalem
1213 2785 1283 2827 om-

381 2870 478 2932 nibus
492 2867 610 2932 diebus
625 2867 741 2931 diebus
757 2868 836 2930 uitae
851 2876 919 2930 tuae
934 2860 1093 2950 (uestra).
1136 2862 1261 2929 Amen.

641 3067 833 3133 bonscnatic
854 3066 1027 3144 drtisnraiis.

427 3203 576 3282 Oremus,
592 3201 708 3267 fratres
731 3201 899 3274 carissimi,
918 3210 955 3266 ut
975 3200 1057 3265 deus
1075 3201 1284 3284 omnipotens

381 3303 444 3368 hoc
472 3300 712 3367 ministerium¹
739 3302 796 3365 filii
824 3303 873 3366 sui
901 3300 1026 3365 domini
1058 3302 1161 3366 nostri
1191 3300 1283 3364 ihesu

382 3403 495 3468 christi
510 3404 660 3486 gerulum
673 3402 903 3466 benedictione
915 3399 1184 3465 sanctificationis
1196 3410 1285 3465 tuta·

384 3505 473 3566 mine
488 3502 686 3567 defensionis
703 3511 737 3566 et
758 3501 947 3581 donationis
970 3499 1107 3584 implere
1122 3501 1284 3583 dignetur,

384 3602 553 3666 orantibus
569 3603 673 3666 nobis.
719 3601 781 3666 Per
795 3601 937 3665 eundern
947 3599 970 3664 ².

790 3764 882 3829 tilia.

430 3891 652 3974 Omnipotens
687 3899 804 3962 ¹sancta
840 3890 979 3966 trinitas,
1011 3891 1105 3961 deus,
1136 3889 1287 3954 manibus

385 3991 505 4056 nostris
528 4011 627 4074 opem
650 4000 716 4054 tuae
739 3989 977 4053 benedictionis
1003 3988 1146 4067 infunde,
1169 3999 1206 4052 ut
1229 4008 1288 4070 per

385 4099 531 4154 nostram
562 4091 836 4167 benedictionem,
859 4087 924 4153 hoc
949 4088 1119 4152 uasculum
1143 4088 1287 4151 sanctifi-

386 4200 485 4268 cetur,
515 4197 549 4252 et
586 4191 730 4272 corporis
768 4188 879 4253 christi
917 4207 1039 4252 nouum
1077 4186 1287 4270 sepulchrum

387 4289 519 4372 spiritus
534 4289 638 4352 sancti
654 4289 760 4370 gratia
776 4286 970 4372 perficiatur.
1016 4286 1078 4350 Per
1087 4285 1109 4351 ³.

648 4488 737 4562 lictis
750 4491 778 4552 b.
799 4487 891 4553 tiana
910 4488 1029 4552 bamini.

390 4623 567 4708 Carpicitur
576 4623 719 4687 chrisma
730 4625 764 4686 in
777 4623 893 4687 ultimo
901 4623 949 4688 ad
959 4625 1103 4696 missam,
1115 4632 1288 4705 antequam

430 4725 569 4799 dicatur,
586 4724 649 4787 Per
663 4743 763 4805 quem
784 4722 845 4787 hec
863 4725 984 4799 omnia,
999 4723 1143 4794 domine,
1159 4742 1290 4805 semper

430 4825 519 4888 bona
560 4843 659 4886 creas
706 4823 880 4886 Leuantur
915 4821 989 4886 dure
1023 4822 1171 4905 ampula,
1208 4842 1291 4904 quas

432 4922 572 5004 offerunt
587 4922 708 5004 populi,
731 4931 765 4986 ct
785 4920 941 4986 benedicit
958 4929 1026 4986 tam
1048 4921 1187 4986 domnus
1200 4931 1290 5004 papa

432 5043 531 5104 quam
546 5041 653 5087 omncs
663 5021 851 5104 presbytcri.

742 5181 935 5248 Bencdc'ctic.

436 5315 571 5390 Emitte,
588 5314 730 5390 domine,
746 5314 897 5396 spiritum
919 5320 1071 5376 sanctum
1086 5320 1180 5376 tuum
1196 5333 1290 5396 para·

589 5503 596 5532 ¹
616 5516 635 5554 4
648 5501 759 5567 corporis
770 5502 827 5553 Gel.

588 5581 599 5612 ²
615 5581 706 5632 Pontis.
718 5581 783 5646 Egb.
795 5599 819 5648 p.
832 5583 879 5647 48:
896 5580 954 5632 Gel.
967 5598 991 5647 p.
1005 5581 1062 5632 612.

588 5662 598 5692 ¹
614 5662 705 5713 Pontii.
718 5663 775 5727 Egb
795 5679 819 5727 p.
833 5664 879 5724 48;
896 5662 954 5714 Gel.
966 5678 991 5729 p.
1002 5661 1059 5726 ⁶13.

1333 1803 1421 1865 mine
1433 1799 1453 1865 ¹.

1418 1951 1541 2034 Incipit
1553 1946 1724 2013 benedictio
1737 1945 1930 2010 chrismatis
1942 1940 2149 2026 principalis.

1378 2075 1517 2142 Sursum
1533 2074 1644 2140 corda.

1377 2176 1421 2239 R.
1445 2175 1618 2252 Habemus
1634 2173 1676 2236 ad
1693 2169 1875 2235 dominum.

1378 2275 1508 2340 Gratias
1524 2292 1662 2355 agamus
1677 2271 1812 2335 domino
1828 2269 1892 2333 deo
1907 2275 2031 2331 nostro.

1376 2375 1419 2439 R.
1444 2375 1591 2456 Dignum
1608 2381 1642 2435 et
1657 2373 1781 2434 iustum
1798 2377 1858 2432 est.

1378 2474 1422 2539 U.
1439 2474 1482 2538 D.
1514 2483 1636 2536 aeterne
1665 2471 1757 2534 deus.
1800 2467 1867 2551 Qui
1898 2467 1930 2528 in
1962 2463 2121 2548 principio
2152 2461 2238 2526 inter

1334 2583 1443 2639 cetera
1468 2571 1626 2636 bonitatis
1650 2578 1684 2634 et
1705 2568 1842 2652 pietatis
1865 2576 1932 2630 tuae
1957 2583 2094 2626 munera
2115 2571 2237 2626 terram

1335 2674 1515 2756 producere
1548 2668 1713 2733 fructifera
1749 2668 1839 2750 ligna
1876 2663 2007 2740 iussisti,
2038 2663 2128 2726 Inter
2161 2682 2237 2744 quae

1334 2772 1430 2836 huius
1460 2769 1667 2855 pinguissimi
1702 2767 1837 2851 liquoris
1867 2764 2015 2845 ministre
2049 2761 2131 2826 oleae
2162 2781 2239 2824 nas·

1335 2880 1484 2937 serentur
1507 2888 1646 2952 quarum
1670 2866 1795 2931 fructus
1817 2884 1909 2928 sacro
1932 2862 2100 2928 chrismati
2126 2861 2236 2924 deser-

1335 2972 1428 3035 uiret.
1473 2969 1563 3034 Nam
1586 2976 1620 3031 et
1641 2955 1958 3048 dauid'prophetico
1984 2961 2099 3044 spiritu
2123 2961 2238 3042 gratiae

1335 3080 1402 3135 tuae
1433 3077 1639 3133 sacramenta
1669 3084 1887 3148 praenoscens,
1914 3062 2025 3126 uultus
2052 3069 2180 3123 nostros
2204 3059 2238 3121 in

1335 3170 1409 3234 oleo
1432 3166 1667 3233 exhilarandos
1689 3185 1760 3228 esse
1782 3163 1939 3240 cantauit,
1956 3159 2001 3223 Et
2024 3178 2100 3225 curn
2123 3158 2239 3221 mundi

1335 3268 1472 3333 crimina
1505 3266 1630 3331 diluuio
1666 3265 1836 3347 quondam
1875 3262 2088 3343 expiarentur
2123 3256 2237 3332 effuso,

1335 3367 1584 3432 similitudinem
1600 3364 1701 3430 diuini
1724 3362 1868 3427 muneris
1889 3360 1989 3424 futuri
2012 3357 2166 3424 columba
2180 3357 2240 3420 de·

1336 3475 1524 3531 monstrans
1539 3485 1598 3548 per
1612 3463 1699 3550 oliui,²
1721 3482 1849 3526 ramum
1872 3479 1989 3544 pacem
2011 3458 2106 3522 terris
2128 3456 2238 3520 reddi·

1336 3577 1405 3630 tam
1433 3565 1606 3638 nuntiauit,
1632 3563 1722 3646 quod
1753 3563 1786 3626 in
1817 3559 2003 3625 nouissimis
2033 3555 2239 3639 temporibus

1337 3665 1519 3730 manifestis
1535 3672 1585 3728 est
1601 3663 1773 3728 effectibus
1793 3658 2006 3735 declaratum,
2021 3676 2097 3722 cum
2112 3655 2240 3737 baptis·

1338 3765 1435 3828 matis
1464 3764 1559 3847 aquis
1589 3764 1738 3826 omnium
1768 3761 1941 3826 criminum
1971 3756 2149 3822 commissa
2179 3755 2239 3818 de·

1337 3865 1481 3928 lentibus
1496 3863 1568 3926 haec
1583 3862 1647 3926 olei
1663 3861 1775 3925 unctio
1793 3859 1905 3924 uultus
1928 3867 2058 3921 nostros
2080 3853 2240 3918 iocundos

1338 3964 1436 4028 efficit
1456 3983 1495 4026 ac
1511 3981 1663 4038 serenos3
1688 3961 1772 4024 Inde
1787 3961 1888 4024 etiam
1912 3955 2018 4037 moysi
2041 3953 2166 4017 famulo
2180 3961 2241 4016 tuo

1338 4066 1532 4127 mandatum
1548 4061 1679 4136 dedisti,
1696 4070 1732 4124 ut
1747 4078 1848 4123 aaron
1871 4057 2007 4121 fratrem
2030 4073 2135 4127 suum,
2151 4052 2241 4134 prius

1338 4183 1425 4245 aqua
1440 4161 1555 4236 lotum,
1572 4179 1631 4243 per
1646 4159 1841 4223 inlusionem
1864 4156 1960 4220 huius
1983 4151 2140 4234 unguenti
2163 4171 2240 4214 con·

1339 4263 1489 4326 stitueret
1512 4259 1731 4324 sacerdotem.
1777 4256 1930 4321 Accessit
1952 4255 1995 4318 ad
2018 4253 2081 4317 hoc
2100 4250 2241 4334 amplior

1338 4361 1444 4425 honor
1470 4379 1545 4424 cum
1570 4357 1654 4422 filius
1682 4367 1758 4421 tuus
1782 4356 1890 4420 ihesus
1917 4354 2058 4418 christus
2087 4350 2240 4414 dominus

1289 4493 1293 4502 ·
1340 4470 1451 4524 noster
1462 4457 1564 4522 lauari
1580 4477 1600 4520 a
1613 4457 1753 4521 iohanne
1764 4457 1861 4520 undis
1877 4452 2050 4518 iordanicis
2065 4450 2241 4532 exegisset,

1340 4569 1377 4623 ut
1391 4559 1506 4643 spiritu
1518 4567 1634 4621 sancto
1650 4557 1682 4636 in
1699 4555 1860 4620 columbae
1876 4551 2088 4617 similitudine
2099 4550 2243 4630 desuper

1341 4661 1450 4732 misso,
1466 4656 1671 4740 unigenitum
1686 4665 1789 4733 tuum,
1806 4656 1839 4719 in
1855 4673 1921 4736 quo
1936 4651 1996 4716 tibi
2012 4651 2137 4732 optime
2151 4667 2244 4712 com·

1340 4758 1518 4842 placuisset
1544 4755 1735 4821 testimonio
1761 4751 1993 4835 subsequentis
2018 4749 2108 4813 uocis
2131 4757 2243 4811 osten·

1341 4860 1444 4932 deres,
1462 4856 1508 4920 Et
1531 4855 1594 4918 hoc
1615 4854 1695 4917 illud
1717 4873 1790 4917 esse
1806 4851 2070 4915 manifestissime
2091 4866 2243 4928 compro-

1341 4958 1444 5034 bares,
1470 4955 1559 5039 quod
1588 4974 1663 5018 eum
1692 4953 1767 5017 oleo
1793 4951 1917 5016 laetitiae
1944 4969 2013 5033 prae
2038 4946 2243 5012 consortibus

1342 5056 1408 5120 suis
1424 5052 1640 5138 unguendum
1656 5052 1756 5117 dauid
1772 5049 1936 5134 propheta
1950 5047 2130 5114 cecinisset.

1384 5154 1435 5219 Te
1465 5155 1564 5237 igitur
1589 5153 1812 5235 deprecamur,
1835 5149 1979 5224 domine,
2002 5153 2116 5210 sancte
2137 5153 2243 5226 pater,

1341 5255 1552 5337 omnipotens
1582 5262 1705 5316 aeterne
1737 5252 1827 5326 deus,
1856 5269 1915 5333 per
1944 5245 2085 5312 eundem
2115 5243 2243 5306 ihesum

1342 5355 1501 5420 christum
1516 5351 1620 5416 filium
1635 5361 1730 5416 tuum
1743 5350 1915 5414 dominum
1930 5355 2086 5422 nostrum,
2096 5351 2133 5406 ut
2147 5341 2246 5406 huius

1342 5462 1489 5534 creature
1499 5451 1732 5536 pinguedinem
1741 5441 2245 5514 sanctificaretuabenedictione

1636 5654 1645 5685 ¹
1662 5651 1719 5704 Gel·
1730 5667 1756 5718 1>-
1768 5663 1829 5716 sssr
1842 5649 1874 5702 v·
1885 5665 1909 5716 n·
1922 5662 1961 5714 ss·
