5122 6610
530 599 734 675 wellentone
751 595 915 676 entatu.

273 823 276 831 ·
321 801 479 884 Sequitur
500 799 686 883 antiphona.
730 798 829 864 Tolle
858 805 980 882 portae,
1006 799 1178 883 principes,

278 913 414 968 uestras.

242 1067 245 1076 ,
319 1003 378 1066 Ps.
402 1001 538 1066 Domini
555 1009 606 1065 est
620 1010 719 1066 terra.

319 1113 447 1180 Deinde
461 1112 630 1178 benedictio
636 1112 758 1194 sontes.
802 1111 923 1175 Postea
937 1110 1122 1192 antiplona.

320 1240 386 1304 An.
408 1238 578 1322 Asperges
601 1258 664 1314 me,
688 1237 831 1313 domine,
847 1257 961 1320 ysopo,
980 1246 1014 1300 et
1038 1237 1176 1300 munda-

277 1342 356 1417 bor;
379 1339 507 1403 lauabis
524 1359 577 1403 me
593 1347 626 1401 et
642 1358 740 1420 super
755 1339 865 1401 niuem
881 1337 1069 1402 dealbabor.

319 1440 379 1504 Ps.
404 1439 561 1503 Miserere
577 1439 653 1514 mei,
669 1439 761 1502 deus.

277 1565 423 1629 Ecclesia
458 1584 580 1646 quoque
622 1571 816 1646 aspergatur
857 1570 907 1624 ter
942 1560 1040 1636 intus,
1074 1560 1176 1642 joras

320 1664 426 1739 semel,
441 1664 605 1744 altareque
627 1663 769 1736 lauatur,
786 1682 823 1724 oc
840 1682 960 1725 cornua
975 1659 1094 1724 altares
1107 1681 1175 1724 sor-

319 1785 392 1828 sum
407 1763 616 1845 deorsumque
634 1762 793 1826 liniantur
803 1759 978 1825 chrismate
991 1769 1107 1836 sancto,
1123 1760 1176 1822 di·

318 1873 403 1928 cente
418 1864 563 1946 episcopo,

320 1989 391 2053 Pax
406 1988 477 2053 tibi.

559 2085 778 2168 Respondente
792 2084 883 2149 clero.

320 2213 366 2277 Et
381 2233 455 2278 cum
473 2210 587 2294 spiritu
602 2221 671 2276 tuo.

289 2325 343 2388 Et
354 2334 450 2407 super
464 2323 558 2387 illum
574 2321 763 2405 thymiama,
778 2320 959 2404 diciturque
973 2320 1159 2402 antiplona.

319 2436 450 2500 Altaria
466 2445 533 2508 tua,
550 2435 693 2500 domine.

317 2538 377 2602 Ps.
401 2536 496 2600 Beati
512 2537 568 2618 qui
583 2535 744 2600 habitant.

275 2649 482 2732 Angelosque
492 2647 625 2713 ecclesie
634 2656 667 2711 et
672 2657 781 2730 postes
791 2646 909 2710 ostium
920 2645 1031 2710 eadem
1045 2645 1175 2710 untione

444 2749 609 2812 lenientur.
656 2747 812 2829 Sequitur
826 2744 1012 2827 antiplona.

319 2861 428 2926 Unxit
443 2870 478 2925 te
492 2861 646 2924 dominus
661 2861 735 2924 oleo
751 2858 885 2924 laetitiae.

273 2974 390 3038 Postea
395 2973 547 3060 pontifex
558 2973 763 3037 sollemnibus
776 2971 917 3036 uestibus
929 2969 1087 3046 induitur,
1095 2979 1174 3052 pro-

541 3072 651 3136 cedens
664 3072 713 3137 ad
724 3073 869 3136 mnsam.

499 3184 561 3248 Ad
574 3183 745 3250 introitum
760 3181 947 3265 antiphona.

317 3284 383 3348 An.
406 3284 577 3349 Terribilis
593 3294 644 3349 est
660 3285 761 3348 locus.

317 3384 376 3449 Ps.
401 3384 566 3448 Dominus
581 3385 741 3467 regnauit,
754 3385 919 3448 decorem.

320 3483 435 3549 Gloria
450 3483 485 3548 in
498 3482 629 3547 excelsis
642 3481 709 3546 deo.

606 3624 668 3688 Ad
686 3625 832 3690 messam.

317 3739 418 3813 Deus,
430 3736 486 3822 qui
499 3740 731 3803 sacrandorum
742 3738 802 3802 tibi
814 3746 975 3801 auctores
987 3755 1171 3813 munerum,

274 3839 405 3902 effunde
430 3858 528 3920 super
555 3839 641 3902 hanc
663 3837 821 3902 orationis
851 3838 987 3901 domum
1016 3836 1171 3902 benedic-

273 3941 399 4002 tionem
425 3948 528 4014 tuam,
551 3947 588 4002 ut
616 3937 660 4001 ab
685 3937 838 4002 omnibus
862 3937 915 4002 hic
941 3936 1171 4000 inuocantibus

274 4058 394 4102 nomen
431 4046 536 4116 tuum,
565 4037 765 4102 defensionis
801 4036 962 4100 auxilium
1001 4035 1170 4100 sentiatur.

274 4136 336 4201 Per
345 4134 366 4204 ¹.

670 4223 765 4288 Alea.

316 4336 408 4400 Deus
438 4336 494 4420 qui
533 4357 577 4400 ex
611 4337 701 4400 omni
731 4336 945 4418 cooptatione
980 4344 1170 4400 sanctorum

272 4447 432 4502 aetemum
447 4437 507 4501 tibi
523 4436 638 4501 condis
653 4435 896 4514 habitaculum
915 4437 959 4500 da
971 4435 1170 4500 edificationi

271 4545 337 4602 tuae
353 4537 555 4600 incrementa
570 4535 723 4611 calestia,
740 4545 776 4600 ut
792 4554 932 4618 quorum
950 4533 1002 4598 hic
1018 4532 1170 4617 reliquias

272 4637 326 4718 pio
348 4655 462 4699 amore
482 4635 722 4717 amplectimur,
747 4653 859 4698 eorum
890 4653 1021 4716 semper
1046 4636 1170 4700 meritis

272 4737 475 4800 adiuuemur.
521 4732 613 4800 Per².

420 4859 474 4923 Et
486 4859 631 4942 reliquia
645 4868 793 4924 tenentur
806 4859 841 4923 in
856 4857 1016 4924 manibrcs.

322 4959 432 5024 Lectio
446 4958 486 5022 de
499 4958 638 5042 apostolo
651 4959 804 5041 sequitur.
849 4956 1110 5040 Respousorium.

311 5082 357 5146 R.
379 5081 490 5148 Locus
505 5085 568 5148 iste
582 5105 602 5148 a
617 5084 682 5147 deo
697 5083 814 5148 factus.

320 5181 357 5246 V.
381 5181 484 5258 Deus,
500 5184 552 5246 cui
565 5183 678 5246 adstat
692 5180 896 5264 angelorum.

311 5281 367 5345 At.
390 5281 552 5347 Adorabo
567 5283 611 5347 ad
626 5281 788 5365 templum
807 5291 967 5347 sanctum.

267 5405 380 5470 Postea
401 5407 636 5489 Euangelium.
679 5407 715 5470 E
717 5417 733 5471 t
763 5407 906 5472 orate'one
935 5415 1031 5490 super
1059 5407 1166 5472 oblata

394 5505 493 5587 sacto
500 5516 564 5588 per
576 5507 693 5583 Amen,
709 5505 832 5571 dicitur
844 5507 915 5572 alta
929 5527 1024 5582 noce,·

363 5671 372 5702 ¹
389 5671 444 5724 Gcl.
455 5690 481 5740 p.
493 5672 556 5738 614;
570 5673 601 5723 V.
612 5689 637 5738 p.
650 5689 706 5739 ²4¹·
1001 5671 1012 5704 ¹
1028 5673 1067 5725 lb.

1488 595 1869 674 montanamque.
2061 619 2131 689 219

1607 797 1754 864 Orernus.

1275 910 1376 988 Deus,
1393 911 1689 978 sanctificationum
1707 913 1917 994 omnipotens
1932 912 2130 987 dominator,

1230 1012 1320 1075 cuius
1333 1013 1439 1093 pietas
1458 1013 1528 1076 sine
1540 1011 1605 1076 fine
1620 1013 1780 1089 sentitur;
1804 1012 1905 1090 Deus,
1917 1012 1973 1095 qui
1986 1013 2131 1078 calestia

1229 1110 1328 1174 simul
1344 1118 1377 1174 et
1393 1121 1521 1174 terrena
1537 1109 1776 1194 complecteris
1792 1131 1926 1176 seruans
1949 1112 2131 1176 misericor·

1229 1211 1319 1273 diam
1357 1219 1450 1274 tuam
1487 1209 1611 1292 populo
1641 1221 1699 1276 tuo
1730 1210 1913 1276 ambulanti
1946 1221 2025 1276 ante
2053 1232 2132 1276 con·

1229 1322 1379 1393 spectum
1404 1311 1518 1394 gloriae
1542 1320 1629 1388 tuae3
1668 1311 1791 1375 exaudi
1821 1331 1935 1393 preces
1961 1332 2131 1376 seruorum

1228 1421 1369 1485 tuorum,
1396 1419 1433 1474 ut
1462 1412 1528 1474 sint
1553 1410 1638 1475 oculi
1665 1412 1713 1475 tui
1739 1411 1846 1492 aperti
1872 1431 1971 1493 super
1992 1411 2130 1475 domum

1228 1509 1326 1573 istam
1339 1509 1394 1573 die
1404 1530 1444 1574 ac
1460 1519 1577 1586 nocte3
1603 1510 1767 1592 Hancque
1778 1509 1948 1574 basilicam
1961 1510 1994 1573 in
2006 1509 2131 1574 honore

1227 1610 1331 1674 sancti
1356 1610 1404 1672 tui
1433 1609 1490 1672 .ill.
1514 1611 1614 1674 sacris
1646 1609 1811 1691 mysteriis
1841 1610 2037 1685 institutam,
2064 1605 2129 1672 cle-

1228 1710 1449 1774 mentissimus
1476 1709 1601 1789 dedica,
1625 1710 1797 1773 miserator
1826 1707 1973 1786 inlustra,
1996 1709 2129 1792 proprio

1227 1809 1403 1892 splendore
1431 1807 1581 1886 clarifica,
1607 1828 1809 1891 omnemque
1839 1807 2009 1872 hominem
2038 1810 2129 1872 ueni·

1227 1918 1337 1974 entem
1370 1909 1507 1973 adorare
1538 1909 1570 1971 in
1601 1907 1664 1972 hoc
1693 1908 1768 1972 loco
1797 1908 1948 1990 placatus
1979 1906 2128 1985 admitte,

1226 2009 1388 2092 propitius
1417 2009 1555 2092 dignare
1584 2009 1754 2090 respicere,
1781 2018 1815 2072 et
1844 2017 1980 2092 propter
2008 2027 2128 2071 nomen

1226 2117 1321 2172 tuum
1345 2128 1511 2189 magnum,
1529 2107 1719 2172 manuforti
1742 2116 1775 2171 et
1795 2107 1931 2172 brachio
1947 2106 2079 2171 excelso
2095 2107 2127 2170 in

1225 2205 1289 2271 hoc
1311 2206 1499 2272 habitaculo
1522 2206 1747 2290 supplicantes
1768 2206 1875 2270 libens
1889 2215 2037 2289 protege,
2054 2207 2128 2290 dig·

1227 2315 1344 2371 nanter
1373 2307 1505 2385 exaudi,
1534 2315 1659 2372 aetema
1688 2306 1880 2370 defensione
1909 2325 2067 2370 conserua
2091 2316 2128 2370 ut

1226 2431 1357 2493 semper
1370 2410 1489 2490 felices,
1504 2409 1701 2494 semperque
1715 2422 1774 2476 tua
1789 2408 1948 2493 religione
1966 2408 2127 2488 laetantes,

1226 2521 1415 2575 constanter
1430 2512 1463 2574 in
1479 2521 1602 2576 sanctae
1620 2511 1777 2576 trinitatis
1792 2509 1858 2574 fide
1876 2508 2039 2575 catholica
2054 2530 2128 2593 per-

1226 2620 1388 2675 seuerent.
1434 2610 1528 2675 Per1.
1572 2647 1576 2656 ·

1305 2727 1380 2790 Hac
1396 2727 1541 2792 oratione
1547 2725 1652 2810 finito
1666 2725 1849 2807 offeruntur
1861 2725 2041 2791 oblationes.

1271 2841 1335 2923 Off
1356 2843 1501 2907 Domine
1515 2843 1607 2923 deus,
1623 2843 1656 2906 in
1671 2841 1891 2925 simplicitate.

1278 2941 1316 3006 V.
1339 2941 1433 3008 Fecit
1447 2943 1607 3006 salomon.

1551 3090 1659 3173 Super
1679 3089 1795 3155 oblata.

1269 3205 1362 3270 Deus
1391 3205 1550 3270 uirtutum
1577 3203 1769 3279 caelestium,
1792 3203 1849 3286 qui
1876 3202 1909 3266 in
1935 3205 2025 3267 omni
2053 3203 2126 3268 loco

1225 3306 1459 3370 dominationis
1474 3313 1541 3369 tuae
1556 3313 1646 3368 totus
1661 3303 1786 3368 assistis
1809 3311 1843 3367 et
1865 3311 1956 3368 totus
1979 3305 2126 3385 operaris

1224 3416 1362 3489 accepta
1387 3406 1582 3470 sacrificium
1609 3403 1733 3468 nomini
1759 3412 1818 3466 tuo
1843 3402 2007 3485 benignus
2032 3403 2125 3468 obla-

1223 3513 1316 3584 tum;
1337 3514 1370 3570 et
1385 3505 1482 3570 huius
1494 3505 1622 3578 domus,
1634 3503 1726 3568 cuius
1738 3523 1773 3566 es
1787 3501 1954 3578 fundator,
1967 3513 2040 3567 esto
2052 3523 2127 3586 pro·

1223 3613 1338 3669 tector.
1384 3604 1486 3669 Nulla
1507 3603 1561 3668 hic
1583 3602 1733 3667 fidelium
1760 3602 1855 3666 'nobis
1878 3601 2026 3685 nequitia
2047 3622 2125 3666 con-

1222 3705 1332 3768 trariae
1370 3703 1547 3786 potestatis
1585 3703 1734 3778 obsistat,
1776 3709 1813 3766 ut
1855 3700 1979 3764 uirtute
2019 3701 2125 3766 sancti

1223 3804 1355 3886 spin'tus
1376 3802 1434 3867 fiat
1455 3802 1510 3868 hic
1531 3821 1662 3885 semper
1683 3801 1897 3865 seruientium
1918 3799 1979 3865 tibi
2001 3801 2125 3864 deuota

1223 3901 1368 3966 libertas.
1415 3902 1486 3966 Per.

1626 3986 1718 4052 Alia.

1264 4111 1384 4177 Altare
1401 4122 1505 4190 tuum,
1520 4112 1663 4189 domine,
1679 4111 1844 4177 sacrificiis
1866 4108 2053 4175 celestibus
2075 4111 2123 4174 in·

1222 4211 1409 4276 choandum
1435 4221 1624 4277 reuerenter
1645 4221 1810 4296 aptamus.
1857 4208 2021 4285 Concede,
2043 4231 2122 4293 que-

1222 4331 1344 4387 sumus,
1361 4322 1397 4376 ut
1412 4320 1446 4376 et
1461 4321 1556 4393 grata
1578 4331 1710 4395 semper
1724 4310 1827 4375 oculis
1849 4320 1916 4375 tuae
1940 4311 2123 4374 maiestatis

1222 4419 1412 4493 appareant,
1439 4420 1473 4474 et
1502 4410 1657 4476 salutaria
1684 4410 1754 4474 fieri
1781 4407 1913 4493 populis
1939 4407 2124 4473 christianis

1222 4510 1339 4575 beatus
1369 4509 1424 4574 ille
1453 4519 1588 4592 martyr,
1611 4510 1703 4575 cuius
1727 4509 1788 4574 tibi
1814 4510 1965 4573 dicantur
1987 4507 2123 4585 honore,

1221 4610 1380 4693 optineat.
1426 4609 1489 4673 Per
1503 4611 1676 4674 dominum
1691 4618 1848 4673 nostrum.

1623 4756 1716 4821 Alia.

1263 4868 1461 4952 Apostolice
1483 4870 1674 4934 reuerentiae
1693 4868 1823 4934 culmen
1840 4867 2006 4932 offerimus
2022 4865 2123 4930 sacris

1222 4971 1387 5051 mysteriis
1421 4968 1647 5033 imbuendum.
1694 4968 1828 5043 Praesta,
1850 4985 2039 5048 quesumus,
2064 4965 2123 5028 do·

1221 5071 1316 5145 mine,
1345 5077 1383 5133 ut
1411 5068 1501 5133 beati
1531 5067 1618 5132 illius
1649 5067 1811 5150 suffragiis
1841 5065 1912 5130 haec
1940 5063 2038 5147 plebs
2063 5073 2122 5128 tua

1219 5188 1349 5250 semper
1378 5177 1412 5233 et
1445 5189 1504 5232 sua
1533 5179 1613 5231 uota
1648 5169 1831 5249 depromat,
1862 5173 1896 5229 et
1932 5163 2122 5228 desiderata

1219 5269 1388 5352 percipiat.
1433 5267 1496 5331 Per
1511 5266 1684 5331 dominum
1694 5265 1718 5331 ².

1577 5415 1750 5499 Prcesatro.

1263 5518 1308 5583 U.
1325 5519 1366 5584 D.
1397 5528 1520 5583 aeteme
1548 5519 1642 5583 deus.
1688 5518 1751 5581 Per
1773 5535 1874 5599 quem
1896 5524 1932 5580 te
1955 5512 2122 5597 supplices

1285 5657 1364 5710 'Gel
1376 5674 1401 5725 p.
1413 5656 1470 5725 ⁶09·
1639 5655 1723 5709 ¹Gel.
1735 5671 1759 5722 p.
1771 5654 1900 5718 675,with
1910 5653 2052 5705 rodanone

1721 5724 1815 5799 Fla
