<?xml version="1.0" encoding="UTF-8"?>
<!DOCTYPE html PUBLIC "-//W3C//DTD XHTML 1.0 Transitional//EN"
    "http://www.w3.org/TR/xhtml1/DTD/xhtml1-transitional.dtd">
<html xmlns="http://www.w3.org/1999/xhtml" xml:lang="en" lang="en">
 <head>
  <title>
</title>
<meta http-equiv="Content-Type" content="text/html;charset=utf-8" />
  <meta name='ocr-system' content='tesseract 3.04.00' />
  <meta name='ocr-capabilities' content='ocr_page ocr_carea ocr_par ocr_line ocrx_word'/>
</head>
<body>
  <div class='ocr_page' id='page_1' title='image "./leofricmissalas00cathgoog/leofricmissalas00cathgoog_0154.png"; bbox 0 0 5124 6608; ppageno 0'>
   <div class='ocr_carea' id='block_1_1' title="bbox 592 596 892 674">
    <p class='ocr_par' dir='ltr' id='par_1_1' title="bbox 592 596 892 674">
     <span class='ocr_line' id='line_1_1' title="bbox 592 596 892 674; baseline -0.013 0"><span class='ocrx_word' id='word_1_1' title='bbox 592 596 765 674; x_wconf 59' lang='lat' dir='ltr'>Donata</span> <span class='ocrx_word' id='word_1_2' title='bbox 791 601 892 672; x_wconf 81' lang='lat' dir='ltr'>iurat.</span> 
     </span>
    </p>
   </div>
   <div class='ocr_carea' id='block_1_2' title="bbox 297 795 1194 984">
    <p class='ocr_par' dir='ltr' id='par_1_2' title="bbox 297 795 1194 984">
     <span class='ocr_line' id='line_1_2' title="bbox 299 795 1193 880; baseline -0.009 -14"><span class='ocrx_word' id='word_1_3' title='bbox 299 799 417 866; x_wconf 89' lang='lat' dir='ltr'>ieiuniis</span> <span class='ocrx_word' id='word_1_4' title='bbox 438 797 621 870; x_wconf 89' lang='lat' dir='ltr'>exonerari,</span> <span class='ocrx_word' id='word_1_5' title='bbox 645 806 679 862; x_wconf 88' lang='lat' dir='ltr'>et</span> <span class='ocrx_word' id='word_1_6' title='bbox 701 817 760 880; x_wconf 90' lang='lat' dir='ltr'>per</span> <span class='ocrx_word' id='word_1_7' title='bbox 781 795 994 861; x_wconf 86' lang='lat' dir='ltr'>afflictionem</span> <span class='ocrx_word' id='word_1_8' title='bbox 1018 815 1193 877; x_wconf 89' lang='lat' dir='ltr'>corporum</span> 
     </span>
     <span class='ocr_line' id='line_1_3' title="bbox 297 895 1194 984; baseline -0.004 -20"><span class='ocrx_word' id='word_1_9' title='bbox 297 900 463 984; x_wconf 90' lang='lat' dir='ltr'>proueniat</span> <span class='ocrx_word' id='word_1_10' title='bbox 475 898 571 963; x_wconf 92' lang='lat' dir='ltr'>nobis</span> <span class='ocrx_word' id='word_1_11' title='bbox 591 898 690 962; x_wconf 90' lang='lat' dir='ltr'>robur</span> <span class='ocrx_word' id='word_1_12' title='bbox 703 897 899 962; x_wconf 88' lang='lat' dir='ltr'>animarum.</span> <span class='ocrx_word' id='word_1_13' title='bbox 923 896 986 960; x_wconf 90' lang='lat' dir='ltr'>Per</span> <span class='ocrx_word' id='word_1_14' title='bbox 1002 895 1160 960; x_wconf 89' lang='lat' dir='ltr'>christum</span> <span class='ocrx_word' id='word_1_15' title='bbox 1172 895 1194 960; x_wconf 80' lang='lat'>¹.</span> 
     </span>
    </p>
   </div>
   <div class='ocr_carea' id='block_1_3' title="bbox 590 1051 889 1135">
    <p class='ocr_par' dir='ltr' id='par_1_3' title="bbox 590 1051 889 1135">
     <span class='ocr_line' id='line_1_4' title="bbox 590 1051 889 1135; baseline -0.003 -19"><span class='ocrx_word' id='word_1_16' title='bbox 590 1053 622 1116; x_wconf 84' lang='lat' dir='ltr'><em>A</em></span> <span class='ocrx_word' id='word_1_17' title='bbox 625 1051 652 1115; x_wconf 78' lang='lat' dir='ltr'>d</span> <span class='ocrx_word' id='word_1_18' title='bbox 662 1051 889 1135; x_wconf 79' lang='lat' dir='ltr'>complendum.</span> 
     </span>
    </p>
   </div>
   <div class='ocr_carea' id='block_1_4' title="bbox 293 1177 1194 1464">
    <p class='ocr_par' dir='ltr' id='par_1_4' title="bbox 293 1177 1194 1464">
     <span class='ocr_line' id='line_1_5' title="bbox 336 1177 1194 1259; baseline -0.005 -14"><span class='ocrx_word' id='word_1_19' title='bbox 336 1177 658 1245; x_wconf 83' lang='lat' dir='ltr'>Sanctificationibus</span> <span class='ocrx_word' id='word_1_20' title='bbox 686 1179 761 1255; x_wconf 91' lang='lat' dir='ltr'>tuis,</span> <span class='ocrx_word' id='word_1_21' title='bbox 790 1177 1002 1259; x_wconf 87' lang='lat' dir='ltr'>omnipotens</span> <span class='ocrx_word' id='word_1_22' title='bbox 1039 1177 1128 1253; x_wconf 92' lang='lat' dir='ltr'>deus,</span> <span class='ocrx_word' id='word_1_23' title='bbox 1160 1186 1194 1241; x_wconf 90' lang='lat' dir='ltr'>et</span> 
     </span>
     <span class='ocr_line' id='line_1_6' title="bbox 294 1277 1194 1354; baseline -0.006 -9"><span class='ocrx_word' id='word_1_24' title='bbox 294 1281 371 1345; x_wconf 89' lang='lat' dir='ltr'>uitia</span> <span class='ocrx_word' id='word_1_25' title='bbox 396 1288 509 1342; x_wconf 90' lang='lat' dir='ltr'>nostra</span> <span class='ocrx_word' id='word_1_26' title='bbox 534 1286 696 1354; x_wconf 83' lang='lat' dir='ltr'><strong>curentur,</strong></span> <span class='ocrx_word' id='word_1_27' title='bbox 721 1286 755 1342; x_wconf 90' lang='lat' dir='ltr'>et</span> <span class='ocrx_word' id='word_1_28' title='bbox 780 1277 925 1342; x_wconf 89' lang='lat' dir='ltr'>remedia</span> <span class='ocrx_word' id='word_1_29' title='bbox 949 1277 1044 1341; x_wconf 91' lang='lat' dir='ltr'>nobis</span> <span class='ocrx_word' id='word_1_30' title='bbox 1070 1286 1194 1342; x_wconf 86' lang='lat' dir='ltr'>aetema</span> 
     </span>
     <span class='ocr_line' id='line_1_7' title="bbox 293 1377 626 1464; baseline -0.009 -20"><span class='ocrx_word' id='word_1_31' title='bbox 293 1379 494 1464; x_wconf 87' lang='lat' dir='ltr'>proueniant.</span> <span class='ocrx_word' id='word_1_32' title='bbox 540 1377 626 1441; x_wconf 68' lang='lat' dir='ltr'>Pera</span> 
     </span>
    </p>
   </div>
   <div class='ocr_carea' id='block_1_5' title="bbox 627 1531 858 1616">
    <p class='ocr_par' dir='ltr' id='par_1_5' title="bbox 627 1531 858 1616">
     <span class='ocr_line' id='line_1_8' title="bbox 627 1531 858 1616; baseline 0 -22"><span class='ocrx_word' id='word_1_33' title='bbox 627 1531 690 1595; x_wconf 77' lang='lat' dir='ltr'>Ad</span> <span class='ocrx_word' id='word_1_34' title='bbox 693 1531 858 1616; x_wconf 75' lang='lat' dir='ltr'>populum.</span> 
     </span>
    </p>
   </div>
   <div class='ocr_carea' id='block_1_6' title="bbox 293 1656 1196 1938">
    <p class='ocr_par' dir='ltr' id='par_1_6' title="bbox 293 1656 1196 1938">
     <span class='ocr_line' id='line_1_9' title="bbox 335 1656 1196 1741; baseline -0.002 -18"><span class='ocrx_word' id='word_1_35' title='bbox 335 1659 393 1723; x_wconf 85' lang='lat' dir='ltr'>Ab</span> <span class='ocrx_word' id='word_1_36' title='bbox 415 1659 571 1722; x_wconf 64' lang='lat' dir='ltr'>omnibus</span> <span class='ocrx_word' id='word_1_37' title='bbox 594 1677 664 1734; x_wconf 87' lang='lat' dir='ltr'>nos,</span> <span class='ocrx_word' id='word_1_38' title='bbox 680 1677 871 1741; x_wconf 88' lang='lat' dir='ltr'>quesumus,</span> <span class='ocrx_word' id='word_1_39' title='bbox 888 1656 1033 1732; x_wconf 90' lang='lat' dir='ltr'>domine,</span> <span class='ocrx_word' id='word_1_40' title='bbox 1052 1657 1196 1741; x_wconf 89' lang='lat' dir='ltr'>peccatis</span> 
     </span>
     <span class='ocr_line' id='line_1_10' title="bbox 293 1757 1196 1844; baseline -0.004 -20"><span class='ocrx_word' id='word_1_41' title='bbox 293 1760 487 1844; x_wconf 87' lang='lat' dir='ltr'>propitiatus</span> <span class='ocrx_word' id='word_1_42' title='bbox 517 1757 663 1832; x_wconf 91' lang='lat' dir='ltr'>absolue,</span> <span class='ocrx_word' id='word_1_43' title='bbox 688 1766 735 1832; x_wconf 94' lang='lat' dir='ltr'>ut,</span> <span class='ocrx_word' id='word_1_44' title='bbox 762 1766 920 1840; x_wconf 89' lang='lat' dir='ltr'>percepta</span> <span class='ocrx_word' id='word_1_45' title='bbox 951 1757 1048 1821; x_wconf 91' lang='lat' dir='ltr'>uenia</span> <span class='ocrx_word' id='word_1_46' title='bbox 1079 1776 1196 1839; x_wconf 91' lang='lat' dir='ltr'>pecca-</span> 
     </span>
     <span class='ocr_line' id='line_1_11' title="bbox 293 1855 1142 1938; baseline -0.004 -15"><span class='ocrx_word' id='word_1_47' title='bbox 293 1870 409 1938; x_wconf 92' lang='lat' dir='ltr'>torum,</span> <span class='ocrx_word' id='word_1_48' title='bbox 424 1859 536 1923; x_wconf 88' lang='lat' dir='ltr'>liberis</span> <span class='ocrx_word' id='word_1_49' title='bbox 551 1856 611 1924; x_wconf 94' lang='lat' dir='ltr'>tibi</span> <span class='ocrx_word' id='word_1_50' title='bbox 629 1856 796 1922; x_wconf 91' lang='lat' dir='ltr'>mentibus</span> <span class='ocrx_word' id='word_1_51' title='bbox 812 1856 1003 1920; x_wconf 90' lang='lat' dir='ltr'>seruiamus.</span> <span class='ocrx_word' id='word_1_52' title='bbox 1050 1857 1112 1922; x_wconf 91' lang='lat' dir='ltr'>Per</span> <span class='ocrx_word' id='word_1_53' title='bbox 1119 1855 1142 1920; x_wconf 79' lang='lat'>².</span> 
     </span>
    </p>
   </div>
   <div class='ocr_carea' id='block_1_7' title="bbox 598 2092 889 2157">
    <p class='ocr_par' dir='ltr' id='par_1_7' title="bbox 598 2092 889 2157">
     <span class='ocr_line' id='line_1_12' title="bbox 598 2092 889 2157; baseline -0.003 0"><span class='ocrx_word' id='word_1_54' title='bbox 598 2092 754 2157; x_wconf 61' lang='lat' dir='ltr'>mundata</span> <span class='ocrx_word' id='word_1_55' title='bbox 773 2093 889 2156; x_wconf 74' lang='lat' dir='ltr'>aarat&#39;.</span> 
     </span>
    </p>
   </div>
   <div class='ocr_carea' id='block_1_8' title="bbox 294 2226 1198 2614">
    <p class='ocr_par' dir='ltr' id='par_1_8' title="bbox 294 2226 1198 2614">
     <span class='ocr_line' id='line_1_13' title="bbox 336 2226 1198 2311; baseline -0.006 -18"><span class='ocrx_word' id='word_1_56' title='bbox 336 2230 438 2305; x_wconf 88' lang='lat' dir='ltr'>Deus,</span> <span class='ocrx_word' id='word_1_57' title='bbox 453 2227 510 2311; x_wconf 89' lang='lat' dir='ltr'>qui</span> <span class='ocrx_word' id='word_1_58' title='bbox 529 2226 690 2310; x_wconf 89' lang='lat' dir='ltr'>conspicis</span> <span class='ocrx_word' id='word_1_59' title='bbox 713 2227 803 2291; x_wconf 91' lang='lat' dir='ltr'>omni</span> <span class='ocrx_word' id='word_1_60' title='bbox 824 2248 885 2291; x_wconf 91' lang='lat' dir='ltr'>nos</span> <span class='ocrx_word' id='word_1_61' title='bbox 908 2228 1031 2292; x_wconf 85' lang='lat' dir='ltr'>uirtute</span> <span class='ocrx_word' id='word_1_62' title='bbox 1054 2226 1198 2303; x_wconf 89' lang='lat' dir='ltr'>destitui,</span> 
     </span>
     <span class='ocr_line' id='line_1_14' title="bbox 296 2326 1198 2409; baseline -0.006 -15"><span class='ocrx_word' id='word_1_63' title='bbox 296 2330 428 2394; x_wconf 92' lang='lat' dir='ltr'>interius</span> <span class='ocrx_word' id='word_1_64' title='bbox 444 2327 658 2409; x_wconf 86' lang='lat' dir='ltr'>exteriusque</span> <span class='ocrx_word' id='word_1_65' title='bbox 673 2328 811 2403; x_wconf 89' lang='lat' dir='ltr'>custodi,</span> <span class='ocrx_word' id='word_1_66' title='bbox 822 2337 859 2390; x_wconf 93' lang='lat' dir='ltr'>ut</span> <span class='ocrx_word' id='word_1_67' title='bbox 875 2336 908 2391; x_wconf 92' lang='lat' dir='ltr'>et</span> <span class='ocrx_word' id='word_1_68' title='bbox 920 2327 963 2391; x_wconf 92' lang='lat' dir='ltr'>ab</span> <span class='ocrx_word' id='word_1_69' title='bbox 975 2326 1128 2392; x_wconf 90' lang='lat' dir='ltr'>omnibus</span> <span class='ocrx_word' id='word_1_70' title='bbox 1138 2326 1198 2389; x_wconf 92' lang='lat' dir='ltr'>ad-</span> 
     </span>
     <span class='ocr_line' id='line_1_15' title="bbox 296 2425 1197 2510; baseline -0.008 -15"><span class='ocrx_word' id='word_1_71' title='bbox 296 2427 505 2494; x_wconf 88' lang='lat' dir='ltr'>uersitatibus</span> <span class='ocrx_word' id='word_1_72' title='bbox 537 2427 725 2490; x_wconf 89' lang='lat' dir='ltr'>muniamur</span> <span class='ocrx_word' id='word_1_73' title='bbox 748 2427 781 2490; x_wconf 93' lang='lat' dir='ltr'>in</span> <span class='ocrx_word' id='word_1_74' title='bbox 806 2446 953 2510; x_wconf 90' lang='lat' dir='ltr'>corpore,</span> <span class='ocrx_word' id='word_1_75' title='bbox 982 2436 1016 2491; x_wconf 92' lang='lat' dir='ltr'>et</span> <span class='ocrx_word' id='word_1_76' title='bbox 1040 2448 1060 2490; x_wconf 89' lang='lat' dir='ltr'>a</span> <span class='ocrx_word' id='word_1_77' title='bbox 1087 2425 1197 2509; x_wconf 91' lang='lat' dir='ltr'>prauis</span> 
     </span>
     <span class='ocr_line' id='line_1_16' title="bbox 294 2525 1078 2614; baseline -0.008 -19"><span class='ocrx_word' id='word_1_78' title='bbox 294 2527 547 2614; x_wconf 82' lang='lat' dir='ltr'>cogitationibus</span> <span class='ocrx_word' id='word_1_79' title='bbox 563 2527 761 2592; x_wconf 89' lang='lat' dir='ltr'>mundemur</span> <span class='ocrx_word' id='word_1_80' title='bbox 775 2525 809 2590; x_wconf 94' lang='lat' dir='ltr'>in</span> <span class='ocrx_word' id='word_1_81' title='bbox 825 2538 947 2593; x_wconf 89' lang='lat' dir='ltr'>mente.</span> <span class='ocrx_word' id='word_1_82' title='bbox 991 2526 1078 2591; x_wconf 63' lang='lat' dir='ltr'>Pera</span> 
     </span>
    </p>
   </div>
   <div class='ocr_carea' id='block_1_9' title="bbox 677 2675 819 2741">
    <p class='ocr_par' dir='ltr' id='par_1_9' title="bbox 677 2675 819 2741">
     <span class='ocr_line' id='line_1_17' title="bbox 677 2675 819 2741; baseline -0.021 0"><span class='ocrx_word' id='word_1_83' title='bbox 677 2675 819 2741; x_wconf 81' lang='lat' dir='ltr'>Secreta.</span> 
     </span>
    </p>
   </div>
   <div class='ocr_carea' id='block_1_10' title="bbox 295 2799 1198 3069">
    <p class='ocr_par' dir='ltr' id='par_1_10' title="bbox 295 2799 1198 3069">
     <span class='ocr_line' id='line_1_18' title="bbox 338 2799 1196 2883; baseline -0.006 -15"><span class='ocrx_word' id='word_1_84' title='bbox 338 2800 523 2879; x_wconf 88' lang='lat' dir='ltr'>Sacrificiis,</span> <span class='ocrx_word' id='word_1_85' title='bbox 541 2819 730 2882; x_wconf 88' lang='lat' dir='ltr'>quesumus,</span> <span class='ocrx_word' id='word_1_86' title='bbox 752 2801 896 2879; x_wconf 90' lang='lat' dir='ltr'>domine,</span> <span class='ocrx_word' id='word_1_87' title='bbox 917 2800 1126 2883; x_wconf 86' lang='lat' dir='ltr'>presentibus</span> <span class='ocrx_word' id='word_1_88' title='bbox 1148 2799 1196 2863; x_wconf 94' lang='lat' dir='ltr'>in-</span> 
     </span>
     <span class='ocr_line' id='line_1_19' title="bbox 295 2899 1198 2984; baseline -0.006 -16"><span class='ocrx_word' id='word_1_89' title='bbox 295 2903 395 2969; x_wconf 90' lang='lat' dir='ltr'>tende</span> <span class='ocrx_word' id='word_1_90' title='bbox 410 2900 571 2984; x_wconf 91' lang='lat' dir='ltr'>placatus,</span> <span class='ocrx_word' id='word_1_91' title='bbox 585 2909 624 2964; x_wconf 93' lang='lat' dir='ltr'>ut</span> <span class='ocrx_word' id='word_1_92' title='bbox 641 2910 675 2965; x_wconf 92' lang='lat' dir='ltr'>et</span> <span class='ocrx_word' id='word_1_93' title='bbox 691 2900 863 2965; x_wconf 92' lang='lat' dir='ltr'>deuotioni</span> <span class='ocrx_word' id='word_1_94' title='bbox 880 2910 1002 2966; x_wconf 85' lang='lat' dir='ltr'>nostrae</span> <span class='ocrx_word' id='word_1_95' title='bbox 1024 2899 1198 2982; x_wconf 89' lang='lat' dir='ltr'>proficiant</span> 
     </span>
     <span class='ocr_line' id='line_1_20' title="bbox 296 3000 582 3069; baseline -0.017 -1"><span class='ocrx_word' id='word_1_96' title='bbox 296 3014 328 3069; x_wconf 92' lang='lat' dir='ltr'>et</span> <span class='ocrx_word' id='word_1_97' title='bbox 343 3001 449 3067; x_wconf 85' lang='lat' dir='ltr'>saluti</span> <span class='ocrx_word' id='word_1_98' title='bbox 495 3000 582 3064; x_wconf 66' lang='lat' dir='ltr'>Pera</span> 
     </span>
    </p>
   </div>
   <div class='ocr_carea' id='block_1_11' title="bbox 663 3111 836 3194">
    <p class='ocr_par' dir='ltr' id='par_1_11' title="bbox 663 3111 836 3194">
     <span class='ocr_line' id='line_1_21' title="bbox 663 3111 836 3194; baseline -0.012 -18"><span class='ocrx_word' id='word_1_99' title='bbox 663 3111 836 3194; x_wconf 75' lang='lat' dir='ltr'>Proesattb.</span> 
     </span>
    </p>
   </div>
   <div class='ocr_carea' id='block_1_12' title="bbox 294 3238 1200 3723">
    <p class='ocr_par' dir='ltr' id='par_1_12' title="bbox 294 3238 1200 3723">
     <span class='ocr_line' id='line_1_22' title="bbox 338 3238 1200 3318; baseline -0.009 -12"><span class='ocrx_word' id='word_1_100' title='bbox 338 3241 382 3306; x_wconf 90' lang='lat' dir='ltr'>U.</span> <span class='ocrx_word' id='word_1_101' title='bbox 399 3240 444 3303; x_wconf 92' lang='lat' dir='ltr'>D.</span> <span class='ocrx_word' id='word_1_102' title='bbox 460 3247 583 3304; x_wconf 86' lang='lat' dir='ltr'>aeterne</span> <span class='ocrx_word' id='word_1_103' title='bbox 599 3239 691 3303; x_wconf 90' lang='lat' dir='ltr'>deus.</span> <span class='ocrx_word' id='word_1_104' title='bbox 726 3238 773 3302; x_wconf 91' lang='lat' dir='ltr'>Et</span> <span class='ocrx_word' id='word_1_105' title='bbox 791 3238 998 3301; x_wconf 88' lang='lat' dir='ltr'>maiestatem</span> <span class='ocrx_word' id='word_1_106' title='bbox 1013 3245 1106 3300; x_wconf 90' lang='lat' dir='ltr'>tuam</span> <span class='ocrx_word' id='word_1_107' title='bbox 1123 3256 1200 3318; x_wconf 91' lang='lat' dir='ltr'>sup-</span> 
     </span>
     <span class='ocr_line' id='line_1_23' title="bbox 295 3336 1200 3425; baseline -0.004 -21"><span class='ocrx_word' id='word_1_108' title='bbox 295 3341 424 3425; x_wconf 90' lang='lat' dir='ltr'>pliciter</span> <span class='ocrx_word' id='word_1_109' title='bbox 438 3358 578 3404; x_wconf 89' lang='lat' dir='ltr'>exorare</span> <span class='ocrx_word' id='word_1_110' title='bbox 601 3347 638 3402; x_wconf 92' lang='lat' dir='ltr'>ut</span> <span class='ocrx_word' id='word_1_111' title='bbox 661 3337 828 3402; x_wconf 91' lang='lat' dir='ltr'>mentibus</span> <span class='ocrx_word' id='word_1_112' title='bbox 851 3337 974 3401; x_wconf 89' lang='lat' dir='ltr'>nostris</span> <span class='ocrx_word' id='word_1_113' title='bbox 997 3336 1200 3400; x_wconf 88' lang='lat' dir='ltr'>medicinalis</span> 
     </span>
     <span class='ocr_line' id='line_1_24' title="bbox 295 3436 1199 3519; baseline -0.008 -14"><span class='ocrx_word' id='word_1_114' title='bbox 295 3440 514 3505; x_wconf 84' lang='lat' dir='ltr'>obseruantiae</span> <span class='ocrx_word' id='word_1_115' title='bbox 538 3459 657 3502; x_wconf 90' lang='lat' dir='ltr'>munus</span> <span class='ocrx_word' id='word_1_116' title='bbox 680 3436 846 3513; x_wconf 86' lang='lat' dir='ltr'>infundas,</span> <span class='ocrx_word' id='word_1_117' title='bbox 867 3445 901 3501; x_wconf 91' lang='lat' dir='ltr'>et</span> <span class='ocrx_word' id='word_1_118' title='bbox 923 3436 980 3518; x_wconf 93' lang='lat' dir='ltr'>qui</span> <span class='ocrx_word' id='word_1_119' title='bbox 1003 3436 1199 3519; x_wconf 88' lang='lat' dir='ltr'>negligenti-</span> 
     </span>
     <span class='ocr_line' id='line_1_25' title="bbox 295 3534 1200 3605; baseline -0.009 0"><span class='ocrx_word' id='word_1_120' title='bbox 295 3542 356 3605; x_wconf 92' lang='lat' dir='ltr'>bus</span> <span class='ocrx_word' id='word_1_121' title='bbox 375 3541 475 3604; x_wconf 89' lang='lat' dir='ltr'>etiam</span> <span class='ocrx_word' id='word_1_122' title='bbox 498 3537 682 3603; x_wconf 88' lang='lat' dir='ltr'>subsidium</span> <span class='ocrx_word' id='word_1_123' title='bbox 703 3536 787 3600; x_wconf 86' lang='lat' dir='ltr'>serre</span> <span class='ocrx_word' id='word_1_124' title='bbox 808 3556 874 3600; x_wconf 91' lang='lat' dir='ltr'>non</span> <span class='ocrx_word' id='word_1_125' title='bbox 895 3536 1018 3601; x_wconf 90' lang='lat' dir='ltr'>desinis</span> <span class='ocrx_word' id='word_1_126' title='bbox 1038 3534 1200 3600; x_wconf 89' lang='lat' dir='ltr'>beneficia</span> 
     </span>
     <span class='ocr_line' id='line_1_26' title="bbox 294 3632 1051 3723; baseline -0.008 -18"><span class='ocrx_word' id='word_1_127' title='bbox 294 3640 434 3723; x_wconf 84' lang='lat' dir='ltr'>prebeas</span> <span class='ocrx_word' id='word_1_128' title='bbox 449 3639 579 3720; x_wconf 87' lang='lat' dir='ltr'>potiora</span> <span class='ocrx_word' id='word_1_129' title='bbox 594 3636 735 3702; x_wconf 92' lang='lat' dir='ltr'>deuotis.</span> <span class='ocrx_word' id='word_1_130' title='bbox 781 3636 843 3700; x_wconf 89' lang='lat' dir='ltr'>Per</span> <span class='ocrx_word' id='word_1_131' title='bbox 858 3635 1017 3701; x_wconf 92' lang='lat' dir='ltr'>christum</span> <span class='ocrx_word' id='word_1_132' title='bbox 1027 3632 1051 3699; x_wconf 89' lang='lat'>⁴.</span> 
     </span>
    </p>
   </div>
   <div class='ocr_carea' id='block_1_13' title="bbox 649 3790 840 3856">
    <p class='ocr_par' dir='ltr' id='par_1_13' title="bbox 649 3790 840 3856">
     <span class='ocr_line' id='line_1_27' title="bbox 649 3790 840 3856; baseline 0 0"><span class='ocrx_word' id='word_1_133' title='bbox 649 3790 840 3856; x_wconf 70' lang='lat' dir='ltr'>Benedntn.</span> 
     </span>
    </p>
   </div>
   <div class='ocr_carea' id='block_1_14' title="bbox 294 3915 1198 4187">
    <p class='ocr_par' dir='ltr' id='par_1_14' title="bbox 294 3915 1198 4187">
     <span class='ocr_line' id='line_1_28' title="bbox 340 3915 1198 4002; baseline -0.009 -16"><span class='ocrx_word' id='word_1_134' title='bbox 340 3921 564 4002; x_wconf 90' lang='lat' dir='ltr'>Omnipotens</span> <span class='ocrx_word' id='word_1_135' title='bbox 591 3918 684 3996; x_wconf 91' lang='lat' dir='ltr'>deus,</span> <span class='ocrx_word' id='word_1_136' title='bbox 714 3918 824 3982; x_wconf 86' lang='lat' dir='ltr'>ieiunii</span> <span class='ocrx_word' id='word_1_137' title='bbox 855 3926 1105 4000; x_wconf 91' lang='lat' dir='ltr'>ceterarumque</span> <span class='ocrx_word' id='word_1_138' title='bbox 1134 3915 1198 3979; x_wconf 93' lang='lat' dir='ltr'>uir·</span> 
     </span>
     <span class='ocr_line' id='line_1_29' title="bbox 294 4017 1198 4101; baseline -0.008 -16"><span class='ocrx_word' id='word_1_139' title='bbox 294 4032 404 4085; x_wconf 89' lang='lat' dir='ltr'>tutum</span> <span class='ocrx_word' id='word_1_140' title='bbox 434 4020 606 4085; x_wconf 87' lang='lat' dir='ltr'>dedicator</span> <span class='ocrx_word' id='word_1_141' title='bbox 634 4029 737 4101; x_wconf 91' lang='lat' dir='ltr'>atque</span> <span class='ocrx_word' id='word_1_142' title='bbox 762 4026 901 4096; x_wconf 88' lang='lat' dir='ltr'>amator,</span> <span class='ocrx_word' id='word_1_143' title='bbox 927 4037 987 4081; x_wconf 92' lang='lat' dir='ltr'>sua</span> <span class='ocrx_word' id='word_1_144' title='bbox 1012 4038 1073 4082; x_wconf 92' lang='lat' dir='ltr'>uos</span> <span class='ocrx_word' id='word_1_145' title='bbox 1098 4017 1198 4080; x_wconf 91' lang='lat' dir='ltr'>bene-</span> 
     </span>
     <span class='ocr_line' id='line_1_30' title="bbox 295 4117 821 4187; baseline -0.008 -1"><span class='ocrx_word' id='word_1_146' title='bbox 295 4123 439 4187; x_wconf 91' lang='lat' dir='ltr'>dictione</span> <span class='ocrx_word' id='word_1_147' title='bbox 461 4119 654 4184; x_wconf 87' lang='lat' dir='ltr'>sanctificet.</span> <span class='ocrx_word' id='word_1_148' title='bbox 697 4117 821 4182; x_wconf 89' lang='lat' dir='ltr'>Amen.</span> 
     </span>
    </p>
   </div>
   <div class='ocr_carea' id='block_1_15' title="bbox 295 4310 1199 5708">
    <p class='ocr_par' dir='ltr' id='par_1_15' title="bbox 295 4310 1199 5708">
     <span class='ocr_line' id='line_1_31' title="bbox 328 4310 1199 4381; baseline -0.01 -13"><span class='ocrx_word' id='word_1_149' title='bbox 328 4317 337 4346; x_wconf 88' lang='lat'><strong>¹</strong></span> <span class='ocrx_word' id='word_1_150' title='bbox 353 4318 384 4368; x_wconf 91' lang='grc' dir='ltr'>Ο.</span> <span class='ocrx_word' id='word_1_151' title='bbox 398 4332 424 4381; x_wconf 89' lang='lat' dir='ltr'>p.</span> <span class='ocrx_word' id='word_1_152' title='bbox 442 4329 498 4381; x_wconf 75' lang='lat'>304.</span> <span class='ocrx_word' id='word_1_153' title='bbox 519 4314 647 4380; x_wconf 69' lang='lat' dir='ltr'>Fufetio.</span> <span class='ocrx_word' id='word_1_154' title='bbox 679 4312 845 4362; x_wconf 83' lang='lat' dir='ltr'>inluminator</span> <span class='ocrx_word' id='word_1_155' title='bbox 860 4317 886 4360; x_wconf 88' lang='lat' dir='ltr'>et</span> <span class='ocrx_word' id='word_1_156' title='bbox 901 4310 1045 4374; x_wconf 84' lang='lat' dir='ltr'>redemptor</span> <span class='ocrx_word' id='word_1_157' title='bbox 1060 4310 1199 4360; x_wconf 84' lang='lat' dir='ltr'>animarum</span> 
     </span>
     <span class='ocr_line' id='line_1_32' title="bbox 295 4388 1198 4458; baseline -0.01 -12"><span class='ocrx_word' id='word_1_158' title='bbox 295 4403 442 4450; x_wconf 84' lang='lat' dir='ltr'>nostrarum,</span> <span class='ocrx_word' id='word_1_159' title='bbox 452 4393 496 4458; x_wconf 91' lang='lat' dir='ltr'>qui</span> <span class='ocrx_word' id='word_1_160' title='bbox 513 4408 559 4442; x_wconf 90' lang='lat' dir='ltr'>nos</span> <span class='ocrx_word' id='word_1_161' title='bbox 576 4407 620 4458; x_wconf 83' lang='lat' dir='ltr'>per</span> <span class='ocrx_word' id='word_1_162' title='bbox 632 4391 740 4457; x_wconf 90' lang='lat' dir='ltr'>primum</span> <span class='ocrx_word' id='word_1_163' title='bbox 757 4390 833 4440; x_wconf 77' lang='lat' dir='ltr'>adam</span> <span class='ocrx_word' id='word_1_164' title='bbox 849 4389 1006 4439; x_wconf 79' lang='lat' dir='ltr'>abstinentiae</span> <span class='ocrx_word' id='word_1_165' title='bbox 1023 4388 1079 4454; x_wconf 88' lang='lat' dir='ltr'>lege</span> <span class='ocrx_word' id='word_1_166' title='bbox 1094 4388 1198 4446; x_wconf 81' lang='lat' dir='ltr'>uiolata,</span> 
     </span>
     <span class='ocr_line' id='line_1_33' title="bbox 296 4467 1199 4539; baseline -0.008 -17"><span class='ocrx_word' id='word_1_167' title='bbox 296 4473 418 4539; x_wconf 74' lang='lat' dir='ltr'>paradyso</span> <span class='ocrx_word' id='word_1_168' title='bbox 441 4472 534 4522; x_wconf 82' lang='lat' dir='ltr'>eiectos</span> <span class='ocrx_word' id='word_1_169' title='bbox 557 4469 666 4520; x_wconf 80' lang='lat' dir='ltr'>sortiaris</span> <span class='ocrx_word' id='word_1_170' title='bbox 687 4469 773 4520; x_wconf 88' lang='lat' dir='ltr'>ieiun&#39;i</span> <span class='ocrx_word' id='word_1_171' title='bbox 795 4467 912 4525; x_wconf 86' lang='lat' dir='ltr'>remedio,</span> <span class='ocrx_word' id='word_1_172' title='bbox 930 4467 963 4516; x_wconf 85' lang='lat' dir='ltr'>ad</span> <span class='ocrx_word' id='word_1_173' title='bbox 981 4467 1089 4530; x_wconf 83' lang='lat' dir='ltr'>antiquae</span> <span class='ocrx_word' id='word_1_174' title='bbox 1112 4467 1199 4531; x_wconf 79' lang='lat' dir='ltr'>patriae</span> 
     </span>
     <span class='ocr_line' id='line_1_34' title="bbox 296 4544 1198 4614; baseline -0.01 -12"><span class='ocrx_word' id='word_1_175' title='bbox 296 4550 474 4602; x_wconf 81' lang='lat' dir='ltr'>beatitudinem</span> <span class='ocrx_word' id='word_1_176' title='bbox 490 4565 535 4614; x_wconf 90' lang='lat' dir='ltr'>per</span> <span class='ocrx_word' id='word_1_177' title='bbox 548 4549 656 4613; x_wconf 80' lang='lat' dir='ltr'>gratiam</span> <span class='ocrx_word' id='word_1_178' title='bbox 670 4546 807 4603; x_wconf 87' lang='lat' dir='ltr'>reuocasti;</span> <span class='ocrx_word' id='word_1_179' title='bbox 825 4561 919 4610; x_wconf 85' lang='lat' dir='ltr'>nosque</span> <span class='ocrx_word' id='word_1_180' title='bbox 934 4545 975 4610; x_wconf 84' lang='lat' dir='ltr'>pia</span> <span class='ocrx_word' id='word_1_181' title='bbox 987 4545 1141 4594; x_wconf 79' lang='lat' dir='ltr'>institutione</span> <span class='ocrx_word' id='word_1_182' title='bbox 1155 4544 1198 4593; x_wconf 94' lang='lat' dir='ltr'>do·</span> 
     </span>
     <span class='ocr_line' id='line_1_35' title="bbox 296 4622 1195 4694; baseline -0.007 -16"><span class='ocrx_word' id='word_1_183' title='bbox 296 4630 375 4684; x_wconf 78' lang='lat' dir='ltr'>suisti,</span> <span class='ocrx_word' id='word_1_184' title='bbox 397 4627 486 4694; x_wconf 85' lang='lat' dir='ltr'>quibus</span> <span class='ocrx_word' id='word_1_185' title='bbox 508 4627 726 4677; x_wconf 83' lang='lat' dir='ltr'>obseruationibus</span> <span class='ocrx_word' id='word_1_186' title='bbox 747 4641 763 4674; x_wconf 84' lang='lat' dir='ltr'>a</span> <span class='ocrx_word' id='word_1_187' title='bbox 785 4625 895 4690; x_wconf 84' lang='lat' dir='ltr'>peccatis</span> <span class='ocrx_word' id='word_1_188' title='bbox 920 4623 1035 4672; x_wconf 81' lang='lat' dir='ltr'>omnibus</span> <span class='ocrx_word' id='word_1_189' title='bbox 1057 4622 1195 4672; x_wconf 89' lang='lat' dir='ltr'>liberemur.</span> 
     </span>
     <span class='ocr_line' id='line_1_36' title="bbox 295 4707 396 4758; baseline 0.01 -1"><span class='ocrx_word' id='word_1_190' title='bbox 295 4709 350 4758; x_wconf 87' lang='lat' dir='ltr'>Per.</span> <span class='ocrx_word' id='word_1_191' title='bbox 370 4707 396 4758; x_wconf 73' lang='lat' dir='ltr'><em>L</em></span> 
     </span>
     <span class='ocr_line' id='line_1_37' title="bbox 328 4784 586 4850; baseline -0.012 -14"><span class='ocrx_word' id='word_1_192' title='bbox 328 4784 339 4813; x_wconf 91' lang='lat'><strong>¹</strong></span> <span class='ocrx_word' id='word_1_193' title='bbox 354 4785 384 4836; x_wconf 76' lang='lat' dir='ltr'>F.</span> <span class='ocrx_word' id='word_1_194' title='bbox 396 4801 421 4850; x_wconf 93' lang='lat' dir='ltr'>p.</span> <span class='ocrx_word' id='word_1_195' title='bbox 433 4785 479 4841; x_wconf 79' lang='lat'>62:</span> <span class='ocrx_word' id='word_1_196' title='bbox 498 4800 546 4836; x_wconf 85' lang='lat' dir='ltr'>om.</span> <span class='ocrx_word' id='word_1_197' title='bbox 559 4785 586 4834; x_wconf 68' lang='lat' dir='ltr'>Z.</span> 
     </span>
     <span class='ocr_line' id='line_1_38' title="bbox 328 4857 1198 4927; baseline -0.007 -13"><span class='ocrx_word' id='word_1_198' title='bbox 328 4864 416 4914; x_wconf 77' lang='lat' dir='ltr'>’This</span> <span class='ocrx_word' id='word_1_199' title='bbox 435 4871 498 4914; x_wconf 82' lang='lat' dir='ltr'>term</span> <span class='ocrx_word' id='word_1_200' title='bbox 518 4877 604 4912; x_wconf 82' lang='lat' dir='ltr'>occurs</span> <span class='ocrx_word' id='word_1_201' title='bbox 621 4863 696 4927; x_wconf 83' lang='lat' dir='ltr'>again</span> <span class='ocrx_word' id='word_1_202' title='bbox 716 4876 748 4910; x_wconf 89' lang='lat' dir='ltr'>on</span> <span class='ocrx_word' id='word_1_203' title='bbox 766 4857 811 4910; x_wconf 80' lang='lat' dir='ltr'>iol.</span> <span class='ocrx_word' id='word_1_204' title='bbox 825 4871 870 4922; x_wconf 80' lang='lat'>¹53</span> <span class='ocrx_word' id='word_1_205' title='bbox 882 4875 905 4909; x_wconf 76' lang='lat' dir='ltr'>a.</span> <span class='ocrx_word' id='word_1_206' title='bbox 942 4858 966 4906; x_wconf 85' lang='lat' dir='ltr'>lt</span> <span class='ocrx_word' id='word_1_207' title='bbox 984 4859 1006 4908; x_wconf 89' lang='lat' dir='ltr'>is</span> <span class='ocrx_word' id='word_1_208' title='bbox 1024 4858 1156 4923; x_wconf 79' lang='lat' dir='ltr'>explained</span> <span class='ocrx_word' id='word_1_209' title='bbox 1173 4859 1198 4908; x_wconf 88' lang='lat' dir='ltr'>iu</span> 
     </span>
     <span class='ocr_line' id='line_1_39' title="bbox 296 4941 590 5006; baseline -0.007 -13"><span class='ocrx_word' id='word_1_210' title='bbox 296 4941 404 4993; x_wconf 66' lang='lat' dir='ltr'>Germa</span> <span class='ocrx_word' id='word_1_211' title='bbox 416 4941 492 4992; x_wconf 73' lang='lat' dir='ltr'>&#39;l&#39;bes</span> <span class='ocrx_word' id='word_1_212' title='bbox 504 4941 521 4992; x_wconf 88' lang='lat' dir='ltr'>i.</span> <span class='ocrx_word' id='word_1_213' title='bbox 534 4951 590 5006; x_wconf 77' lang='lat'>372.</span> 
     </span>
     <span class='ocr_line' id='line_1_40' title="bbox 346 5015 1198 5085; baseline -0.008 -14"><span class='ocrx_word' id='word_1_214' title='bbox 346 5033 371 5071; x_wconf 67' lang='lat' dir='ltr'>a</span> <span class='ocrx_word' id='word_1_215' title='bbox 386 5021 489 5085; x_wconf 71' lang='lat' dir='ltr'>Spernat</span> <span class='ocrx_word' id='word_1_216' title='bbox 500 5021 525 5068; x_wconf 91' lang='lat' dir='ltr'>in</span> <span class='ocrx_word' id='word_1_217' title='bbox 537 5026 570 5076; x_wconf 88' lang='lat' dir='ltr'>te,</span> <span class='ocrx_word' id='word_1_218' title='bbox 581 5019 691 5070; x_wconf 89' lang='lat' dir='ltr'>domine.</span> <span class='ocrx_word' id='word_1_219' title='bbox 806 5026 849 5066; x_wconf 77' lang='lat' dir='ltr'>or.</span> <span class='ocrx_word' id='word_1_220' title='bbox 863 5015 974 5066; x_wconf 85' lang='lat' dir='ltr'>Domine</span> <span class='ocrx_word' id='word_1_221' title='bbox 995 5015 1057 5066; x_wconf 86' lang='lat' dir='ltr'>deus</span> <span class='ocrx_word' id='word_1_222' title='bbox 1074 5030 1152 5072; x_wconf 85' lang='lat' dir='ltr'>mens,</span> <span class='ocrx_word' id='word_1_223' title='bbox 1173 5015 1198 5064; x_wconf 89' lang='lat' dir='ltr'>in</span> 
     </span>
     <span class='ocr_line' id='line_1_41' title="bbox 346 5095 1003 5159; baseline -0.014 -6"><span class='ocrx_word' id='word_1_224' title='bbox 346 5115 382 5153; x_wconf 69' lang='lat' dir='ltr'>rs,</span> <span class='ocrx_word' id='word_1_225' title='bbox 396 5103 541 5153; x_wconf 83' lang='lat' dir='ltr'>Confitebor</span> <span class='ocrx_word' id='word_1_226' title='bbox 549 5101 718 5159; x_wconf 75' lang='lat' dir='ltr'>tibidomine.</span> <span class='ocrx_word' id='word_1_227' title='bbox 862 5101 887 5143; x_wconf 88' lang='lat' dir='ltr'>te</span> <span class='ocrx_word' id='word_1_228' title='bbox 898 5095 1003 5159; x_wconf 83' lang='lat' dir='ltr'>speraui.</span> 
     </span>
     <span class='ocr_line' id='line_1_42' title="bbox 347 5170 1197 5238; baseline -0.012 -6"><span class='ocrx_word' id='word_1_229' title='bbox 347 5193 371 5232; x_wconf 76' lang='grc' dir='ltr'>ι.</span> <span class='ocrx_word' id='word_1_230' title='bbox 397 5181 480 5230; x_wconf 87' lang='lat' dir='ltr'>Iustus</span> <span class='ocrx_word' id='word_1_231' title='bbox 502 5195 537 5238; x_wconf 88' lang='lat' dir='ltr'>es,</span> <span class='ocrx_word' id='word_1_232' title='bbox 560 5179 669 5237; x_wconf 89' lang='lat' dir='ltr'>domine,</span> <span class='ocrx_word' id='word_1_233' title='bbox 695 5184 722 5227; x_wconf 90' lang='lat' dir='ltr'>et</span> <span class='ocrx_word' id='word_1_234' title='bbox 805 5170 981 5222; x_wconf 76' lang='lat' dir='ltr'>coneusrodi</span> <span class='ocrx_word' id='word_1_235' title='bbox 991 5187 1038 5233; x_wconf 91' lang='lat' dir='ltr'>me,</span> <span class='ocrx_word' id='word_1_236' title='bbox 1046 5171 1154 5226; x_wconf 88' lang='lat' dir='ltr'>domine.</span> <span class='ocrx_word' id='word_1_237' title='bbox 1162 5179 1197 5222; x_wconf 86' lang='lat' dir='ltr'>ut.</span> 
     </span>
     <span class='ocr_line' id='line_1_43' title="bbox 393 5250 1197 5316; baseline -0.014 -6"><span class='ocrx_word' id='word_1_238' title='bbox 393 5267 482 5310; x_wconf 70' lang='lat' dir='ltr'>metus.</span> <span class='ocrx_word' id='word_1_239' title='bbox 806 5252 858 5311; x_wconf 75' lang='lat' dir='ltr'>(ar.</span> <span class='ocrx_word' id='word_1_240' title='bbox 882 5250 989 5308; x_wconf 80' lang='lat' dir='ltr'>Fratres,</span> <span class='ocrx_word' id='word_1_241' title='bbox 1011 5267 1128 5316; x_wconf 79' lang='lat' dir='ltr'>rogamus</span> <span class='ocrx_word' id='word_1_242' title='bbox 1153 5267 1197 5302; x_wconf 89' lang='lat' dir='ltr'>uos</span> 
     </span>
     <span class='ocr_line' id='line_1_44' title="bbox 347 5327 1072 5396; baseline -0.001 -15"><span class='ocrx_word' id='word_1_243' title='bbox 347 5345 373 5385; x_wconf 85' lang='lat' dir='ltr'>v.</span> <span class='ocrx_word' id='word_1_244' title='bbox 387 5334 493 5384; x_wconf 84' lang='lat' dir='ltr'>Gressus</span> <span class='ocrx_word' id='word_1_245' title='bbox 505 5349 576 5384; x_wconf 88' lang='lat' dir='ltr'>meos</span> <span class='ocrx_word' id='word_1_246' title='bbox 585 5333 673 5396; x_wconf 82' lang='lat' dir='ltr'>dirige.</span> <span class='ocrx_word' id='word_1_247' title='bbox 869 5334 896 5379; x_wconf 89' lang='lat' dir='ltr'>et</span> <span class='ocrx_word' id='word_1_248' title='bbox 906 5327 1072 5380; x_wconf 80' lang='lat' dir='ltr'>obsecramus.</span> 
     </span>
     <span class='ocr_line' id='line_1_45' title="bbox 346 5409 1195 5474; baseline -0.002 -12"><span class='ocrx_word' id='word_1_249' title='bbox 346 5425 390 5462; x_wconf 76' lang='lat' dir='ltr'>rs.</span> <span class='ocrx_word' id='word_1_250' title='bbox 404 5410 683 5462; x_wconf 86' lang='lat' dir='ltr'>Confiteminidomino.</span> <span class='ocrx_word' id='word_1_251' title='bbox 805 5420 849 5460; x_wconf 73' lang='lat' dir='ltr'>nt.</span> <span class='ocrx_word' id='word_1_252' title='bbox 864 5409 985 5474; x_wconf 84' lang='lat' dir='ltr'>Egressus</span> <span class='ocrx_word' id='word_1_253' title='bbox 1011 5410 1094 5462; x_wconf 88' lang='lat' dir='ltr'>ihesus</span> <span class='ocrx_word' id='word_1_254' title='bbox 1118 5426 1195 5462; x_wconf 87' lang='lat' dir='ltr'>seces·</span> 
     </span>
     <span class='ocr_line' id='line_1_46' title="bbox 347 5487 924 5554; baseline 0.002 -17"><span class='ocrx_word' id='word_1_255' title='bbox 347 5501 374 5540; x_wconf 82' lang='lat' dir='ltr'>v.</span> <span class='ocrx_word' id='word_1_256' title='bbox 387 5489 450 5554; x_wconf 86' lang='lat' dir='ltr'>Quis</span> <span class='ocrx_word' id='word_1_257' title='bbox 460 5489 580 5554; x_wconf 80' lang='lat' dir='ltr'>loquetur.</span> <span class='ocrx_word' id='word_1_258' title='bbox 870 5487 924 5552; x_wconf 86' lang='lat' dir='ltr'>sit).</span> 
     </span>
     <span class='ocr_line' id='line_1_47' title="bbox 347 5564 671 5629; baseline 0.006 -15"><span class='ocrx_word' id='word_1_259' title='bbox 347 5577 373 5616; x_wconf 82' lang='lat' dir='ltr'>v.</span> <span class='ocrx_word' id='word_1_260' title='bbox 388 5565 458 5616; x_wconf 79' lang='lat' dir='ltr'>litati</span> <span class='ocrx_word' id='word_1_261' title='bbox 468 5565 512 5629; x_wconf 89' lang='lat' dir='ltr'>qui</span> <span class='ocrx_word' id='word_1_262' title='bbox 524 5564 671 5616; x_wconf 80' lang='lat' dir='ltr'>custodiunt.</span> 
     </span>
     <span class='ocr_line' id='line_1_48' title="bbox 330 5641 530 5708; baseline -0.005 -15"><span class='ocrx_word' id='word_1_263' title='bbox 330 5641 387 5693; x_wconf 84' lang='lat'>¹0.</span> <span class='ocrx_word' id='word_1_264' title='bbox 397 5659 422 5708; x_wconf 91' lang='lat' dir='ltr'>p.</span> <span class='ocrx_word' id='word_1_265' title='bbox 436 5655 491 5706; x_wconf 77' lang='lat'>³⁰²·</span> <span class='ocrx_word' id='word_1_266' title='bbox 503 5643 530 5692; x_wconf 66' lang='grc' dir='ltr'><strong>λ</strong></span> 
     </span>
    </p>
   </div>
   <div class='ocr_carea' id='block_1_16' title="bbox 1245 593 2149 1187">
    <p class='ocr_par' dir='ltr' id='par_1_16' title="bbox 1245 593 2149 1187">
     <span class='ocr_line' id='line_1_49' title="bbox 1622 593 2148 692; baseline 0.008 -22"><span class='ocrx_word' id='word_1_267' title='bbox 1622 593 1773 687; x_wconf 58' lang='lat' dir='ltr'>sierint.</span> <span class='ocrx_word' id='word_1_268' title='bbox 2102 616 2148 692; x_wconf 86' lang='lat'>79</span> 
     </span>
     <span class='ocr_line' id='line_1_50' title="bbox 1291 794 2148 883; baseline 0.014 -25"><span class='ocrx_word' id='word_1_269' title='bbox 1291 794 1466 862; x_wconf 90' lang='lat' dir='ltr'>Accendat</span> <span class='ocrx_word' id='word_1_270' title='bbox 1489 797 1522 860; x_wconf 93' lang='lat' dir='ltr'>in</span> <span class='ocrx_word' id='word_1_271' title='bbox 1545 796 1641 862; x_wconf 90' lang='lat' dir='ltr'>uobis</span> <span class='ocrx_word' id='word_1_272' title='bbox 1663 798 1718 880; x_wconf 91' lang='lat' dir='ltr'>pie</span> <span class='ocrx_word' id='word_1_273' title='bbox 1733 799 1920 865; x_wconf 91' lang='lat' dir='ltr'>deuotionis</span> <span class='ocrx_word' id='word_1_274' title='bbox 1934 802 2099 883; x_wconf 83' lang='lat' dir='ltr'>affectum,</span> <span class='ocrx_word' id='word_1_275' title='bbox 2114 817 2148 871; x_wconf 91' lang='lat' dir='ltr'>et</span> 
     </span>
     <span class='ocr_line' id='line_1_51' title="bbox 1245 895 2147 986; baseline 0.011 -29"><span class='ocrx_word' id='word_1_276' title='bbox 1245 895 1383 976; x_wconf 89' lang='lat' dir='ltr'>prebeat</span> <span class='ocrx_word' id='word_1_277' title='bbox 1406 896 1670 980; x_wconf 88' lang='lat' dir='ltr'>supplicantibus</span> <span class='ocrx_word' id='word_1_278' title='bbox 1692 918 1788 962; x_wconf 90' lang='lat' dir='ltr'>suurn</span> <span class='ocrx_word' id='word_1_279' title='bbox 1803 900 1967 986; x_wconf 91' lang='lat' dir='ltr'>benignus</span> <span class='ocrx_word' id='word_1_280' title='bbox 1986 905 2147 969; x_wconf 90' lang='lat' dir='ltr'>auditum.</span> 
     </span>
     <span class='ocr_line' id='line_1_52' title="bbox 1245 993 1369 1058; baseline 0.008 -1"><span class='ocrx_word' id='word_1_281' title='bbox 1245 993 1369 1058; x_wconf 86' lang='lat' dir='ltr'>Amen.</span> 
     </span>
     <span class='ocr_line' id='line_1_53' title="bbox 1289 1093 2149 1187; baseline 0.012 -29"><span class='ocrx_word' id='word_1_282' title='bbox 1289 1093 1464 1178; x_wconf 85' lang='lat' dir='ltr'>Quatenus</span> <span class='ocrx_word' id='word_1_283' title='bbox 1480 1106 1606 1162; x_wconf 89' lang='lat' dir='ltr'>mentes</span> <span class='ocrx_word' id='word_1_284' title='bbox 1621 1106 1750 1176; x_wconf 86' lang='lat' dir='ltr'>uestrae,</span> <span class='ocrx_word' id='word_1_285' title='bbox 1764 1098 1898 1165; x_wconf 88' lang='lat' dir='ltr'>sinceris</span> <span class='ocrx_word' id='word_1_286' title='bbox 1913 1113 2054 1187; x_wconf 90' lang='lat' dir='ltr'>purgate</span> <span class='ocrx_word' id='word_1_287' title='bbox 2069 1103 2149 1168; x_wconf 89' lang='lat' dir='ltr'>ieiu-</span> 
     </span>
    </p>
   </div>
   <div class='ocr_carea' id='block_1_17' title="bbox 1244 1196 2148 1361">
    <p class='ocr_par' dir='ltr' id='par_1_17' title="bbox 1244 1196 2148 1361">
     <span class='ocr_line' id='line_1_54' title="bbox 1245 1196 2148 1290; baseline 0.007 -30"><span class='ocrx_word' id='word_1_288' title='bbox 1245 1196 1316 1270; x_wconf 90' lang='lat' dir='ltr'>niis,</span> <span class='ocrx_word' id='word_1_289' title='bbox 1346 1197 1510 1261; x_wconf 92' lang='lat' dir='ltr'>bonorum</span> <span class='ocrx_word' id='word_1_290' title='bbox 1540 1198 1689 1262; x_wconf 90' lang='lat' dir='ltr'>omnium</span> <span class='ocrx_word' id='word_1_291' title='bbox 1716 1200 1899 1268; x_wconf 85' lang='lat' dir='ltr'>exuberent</span> <span class='ocrx_word' id='word_1_292' title='bbox 1929 1204 2148 1290; x_wconf 85' lang='lat' dir='ltr'>incrementis.</span> 
     </span>
     <span class='ocr_line' id='line_1_55' title="bbox 1244 1295 1368 1361; baseline 0 -2"><span class='ocrx_word' id='word_1_293' title='bbox 1244 1295 1368 1361; x_wconf 86' lang='lat' dir='ltr'>Arnen.</span> 
     </span>
    </p>
   </div>
   <div class='ocr_carea' id='block_1_18' title="bbox 1289 1396 1847 1628">
    <p class='ocr_par' dir='ltr' id='par_1_18' title="bbox 1289 1396 1847 1628">
     <span class='ocr_line' id='line_1_56' title="bbox 1289 1396 1508 1482; baseline 0.005 -21"><span class='ocrx_word' id='word_1_294' title='bbox 1289 1396 1390 1482; x_wconf 78' lang='lat' dir='ltr'>Quod</span> <span class='ocrx_word' id='word_1_295' title='bbox 1407 1398 1477 1482; x_wconf 88' lang='lat' dir='ltr'>ipse</span> <span class='ocrx_word' id='word_1_296' title='bbox 1487 1397 1508 1462; x_wconf 88' lang='lat'>¹.</span> 
     </span>
     <span class='ocr_line' id='line_1_57' title="bbox 1549 1541 1847 1628; baseline 0.023 -24"><span class='ocrx_word' id='word_1_297' title='bbox 1549 1541 1611 1606; x_wconf 81' lang='lat' dir='ltr'>Ad</span> <span class='ocrx_word' id='word_1_298' title='bbox 1620 1543 1847 1628; x_wconf 75' lang='lat' dir='ltr'>cornplendum.</span> 
     </span>
    </p>
   </div>
   <div class='ocr_carea' id='block_1_19' title="bbox 1246 1665 2150 1937">
    <p class='ocr_par' dir='ltr' id='par_1_19' title="bbox 1246 1665 2150 1937">
     <span class='ocr_line' id='line_1_58' title="bbox 1292 1665 2150 1754; baseline 0.01 -23"><span class='ocrx_word' id='word_1_299' title='bbox 1292 1665 1467 1750; x_wconf 91' lang='lat' dir='ltr'>Supplices</span> <span class='ocrx_word' id='word_1_300' title='bbox 1490 1679 1525 1735; x_wconf 94' lang='lat' dir='ltr'>te</span> <span class='ocrx_word' id='word_1_301' title='bbox 1556 1690 1719 1754; x_wconf 88' lang='lat' dir='ltr'>rogamus,</span> <span class='ocrx_word' id='word_1_302' title='bbox 1750 1671 1962 1754; x_wconf 90' lang='lat' dir='ltr'>omnipotens</span> <span class='ocrx_word' id='word_1_303' title='bbox 1992 1673 2082 1749; x_wconf 95' lang='lat' dir='ltr'>deus,</span> <span class='ocrx_word' id='word_1_304' title='bbox 2112 1685 2150 1740; x_wconf 89' lang='lat' dir='ltr'>ut</span> 
     </span>
     <span class='ocr_line' id='line_1_59' title="bbox 1246 1767 2150 1856; baseline 0.011 -27"><span class='ocrx_word' id='word_1_305' title='bbox 1246 1786 1331 1848; x_wconf 93' lang='lat' dir='ltr'>quos</span> <span class='ocrx_word' id='word_1_306' title='bbox 1354 1767 1420 1832; x_wconf 92' lang='lat' dir='ltr'>tuis</span> <span class='ocrx_word' id='word_1_307' title='bbox 1444 1768 1549 1833; x_wconf 87' lang='lat' dir='ltr'>reficis</span> <span class='ocrx_word' id='word_1_308' title='bbox 1571 1771 1796 1850; x_wconf 86' lang='lat' dir='ltr'>sacramentis,</span> <span class='ocrx_word' id='word_1_309' title='bbox 1811 1771 1872 1835; x_wconf 93' lang='lat' dir='ltr'>tibi</span> <span class='ocrx_word' id='word_1_310' title='bbox 1896 1773 1997 1838; x_wconf 87' lang='lat' dir='ltr'>etiarn</span> <span class='ocrx_word' id='word_1_311' title='bbox 2020 1774 2150 1856; x_wconf 90' lang='lat' dir='ltr'>placitis</span> 
     </span>
     <span class='ocr_line' id='line_1_60' title="bbox 1248 1867 1894 1937; baseline 0.011 -8"><span class='ocrx_word' id='word_1_312' title='bbox 1248 1867 1394 1931; x_wconf 91' lang='lat' dir='ltr'>moribus</span> <span class='ocrx_word' id='word_1_313' title='bbox 1409 1868 1575 1933; x_wconf 89' lang='lat' dir='ltr'>deseruire</span> <span class='ocrx_word' id='word_1_314' title='bbox 1590 1870 1763 1935; x_wconf 89' lang='lat' dir='ltr'>concedas.</span> <span class='ocrx_word' id='word_1_315' title='bbox 1808 1871 1894 1937; x_wconf 67' lang='lat' dir='ltr'>Pers</span> 
     </span>
    </p>
   </div>
   <div class='ocr_carea' id='block_1_20' title="bbox 1587 2044 1814 2128">
    <p class='ocr_par' dir='ltr' id='par_1_20' title="bbox 1587 2044 1814 2128">
     <span class='ocr_line' id='line_1_61' title="bbox 1587 2044 1814 2128; baseline 0.018 -20"><span class='ocrx_word' id='word_1_316' title='bbox 1587 2045 1618 2108; x_wconf 82' lang='lat' dir='ltr'><em>A</em></span> <span class='ocrx_word' id='word_1_317' title='bbox 1621 2044 1648 2108; x_wconf 82' lang='lat' dir='ltr'>d</span> <span class='ocrx_word' id='word_1_318' title='bbox 1651 2045 1814 2128; x_wconf 81' lang='lat' dir='ltr'>populum.</span> 
     </span>
    </p>
   </div>
   <div class='ocr_carea' id='block_1_21' title="bbox 1248 2167 2153 2456">
    <p class='ocr_par' dir='ltr' id='par_1_21' title="bbox 1248 2167 2153 2456">
     <span class='ocr_line' id='line_1_62' title="bbox 1292 2167 2152 2256; baseline 0.01 -26"><span class='ocrx_word' id='word_1_319' title='bbox 1292 2167 1467 2232; x_wconf 86' lang='lat' dir='ltr'>Familiam</span> <span class='ocrx_word' id='word_1_320' title='bbox 1491 2178 1592 2248; x_wconf 91' lang='lat' dir='ltr'>tuam,</span> <span class='ocrx_word' id='word_1_321' title='bbox 1615 2191 1804 2253; x_wconf 89' lang='lat' dir='ltr'>quesumus,</span> <span class='ocrx_word' id='word_1_322' title='bbox 1827 2173 1971 2250; x_wconf 90' lang='lat' dir='ltr'>domine,</span> <span class='ocrx_word' id='word_1_323' title='bbox 1994 2173 2152 2256; x_wconf 89' lang='lat' dir='ltr'>propitia·</span> 
     </span>
     <span class='ocr_line' id='line_1_63' title="bbox 1248 2267 2153 2354; baseline 0.009 -22"><span class='ocrx_word' id='word_1_324' title='bbox 1248 2277 1302 2332; x_wconf 88' lang='lat' dir='ltr'>tus</span> <span class='ocrx_word' id='word_1_325' title='bbox 1330 2267 1476 2345; x_wconf 88' lang='lat' dir='ltr'>inlustra,</span> <span class='ocrx_word' id='word_1_326' title='bbox 1504 2279 1542 2334; x_wconf 90' lang='lat' dir='ltr'>ut</span> <span class='ocrx_word' id='word_1_327' title='bbox 1572 2270 1788 2353; x_wconf 86' lang='lat' dir='ltr'>beneplacitis</span> <span class='ocrx_word' id='word_1_328' title='bbox 1818 2272 2016 2354; x_wconf 81' lang='lat' dir='ltr'>inherendo,</span> <span class='ocrx_word' id='word_1_329' title='bbox 2034 2285 2153 2341; x_wconf 90' lang='lat' dir='ltr'>cuncta</span> 
     </span>
     <span class='ocr_line' id='line_1_64' title="bbox 1248 2369 2013 2456; baseline 0.013 -26"><span class='ocrx_word' id='word_1_330' title='bbox 1248 2387 1324 2450; x_wconf 84' lang='lat' dir='ltr'>quae</span> <span class='ocrx_word' id='word_1_331' title='bbox 1341 2369 1430 2432; x_wconf 89' lang='lat' dir='ltr'>bona</span> <span class='ocrx_word' id='word_1_332' title='bbox 1445 2381 1521 2434; x_wconf 93' lang='lat' dir='ltr'>sunt</span> <span class='ocrx_word' id='word_1_333' title='bbox 1538 2381 1703 2436; x_wconf 88' lang='lat' dir='ltr'>mereatur</span> <span class='ocrx_word' id='word_1_334' title='bbox 1716 2374 1874 2456; x_wconf 88' lang='lat' dir='ltr'>accipere.</span> <span class='ocrx_word' id='word_1_335' title='bbox 1921 2375 1983 2438; x_wconf 90' lang='lat' dir='ltr'>Per</span> <span class='ocrx_word' id='word_1_336' title='bbox 1992 2373 2013 2440; x_wconf 83' lang='lat'>².</span> 
     </span>
    </p>
   </div>
   <div class='ocr_carea' id='block_1_22' title="bbox 1629 2665 1779 2738">
    <p class='ocr_par' dir='ltr' id='par_1_22' title="bbox 1629 2665 1779 2738">
     <span class='ocr_line' id='line_1_65' title="bbox 1629 2665 1779 2738; baseline 0.007 -8"><span class='ocrx_word' id='word_1_337' title='bbox 1629 2665 1719 2738; x_wconf 62' lang='lat' dir='ltr'>seria</span> <span class='ocrx_word' id='word_1_338' title='bbox 1738 2667 1779 2732; x_wconf 79' lang='lat' dir='ltr'>n·</span> 
     </span>
    </p>
   </div>
   <div class='ocr_carea' id='block_1_23' title="bbox 1487 2825 1915 2894">
    <p class='ocr_par' dir='ltr' id='par_1_23' title="bbox 1487 2825 1915 2894">
     <span class='ocr_line' id='line_1_66' title="bbox 1487 2825 1915 2894; baseline 0.007 -5"><span class='ocrx_word' id='word_1_339' title='bbox 1487 2825 1548 2890; x_wconf 83' lang='lat' dir='ltr'>Ad</span> <span class='ocrx_word' id='word_1_340' title='bbox 1558 2837 1707 2892; x_wconf 85' lang='lat' dir='ltr'>sanctum</span> <span class='ocrx_word' id='word_1_341' title='bbox 1721 2828 1915 2894; x_wconf 80' lang='lat' dir='ltr'>clementem.</span> 
     </span>
    </p>
   </div>
   <div class='ocr_carea' id='block_1_24' title="bbox 1239 2950 2153 3236">
    <p class='ocr_par' dir='ltr' id='par_1_24' title="bbox 1239 2950 2153 3236">
     <span class='ocr_line' id='line_1_67' title="bbox 1294 2950 2153 3038; baseline 0.006 -25"><span class='ocrx_word' id='word_1_342' title='bbox 1294 2950 1426 3029; x_wconf 88' lang='lat' dir='ltr'>Praesta,</span> <span class='ocrx_word' id='word_1_343' title='bbox 1442 2971 1629 3034; x_wconf 86' lang='lat' dir='ltr'>quesumus,</span> <span class='ocrx_word' id='word_1_344' title='bbox 1646 2954 1857 3038; x_wconf 89' lang='lat' dir='ltr'>omnipotens</span> <span class='ocrx_word' id='word_1_345' title='bbox 1873 2957 1964 3033; x_wconf 92' lang='lat' dir='ltr'>deus,</span> <span class='ocrx_word' id='word_1_346' title='bbox 1976 2963 2014 3019; x_wconf 92' lang='lat' dir='ltr'>ut</span> <span class='ocrx_word' id='word_1_347' title='bbox 2028 2954 2153 3018; x_wconf 84' lang='lat' dir='ltr'>familia</span> 
     </span>
     <span class='ocr_line' id='line_1_68' title="bbox 1250 3051 2151 3135; baseline 0.007 -21"><span class='ocrx_word' id='word_1_348' title='bbox 1250 3060 1318 3125; x_wconf 91' lang='lat' dir='ltr'>tua,</span> <span class='ocrx_word' id='word_1_349' title='bbox 1328 3071 1393 3133; x_wconf 75' lang='lat' dir='ltr'>que</span> <span class='ocrx_word' id='word_1_350' title='bbox 1408 3071 1445 3114; x_wconf 86' lang='lat' dir='ltr'>se</span> <span class='ocrx_word' id='word_1_351' title='bbox 1460 3051 1638 3135; x_wconf 89' lang='lat' dir='ltr'>affligendo</span> <span class='ocrx_word' id='word_1_352' title='bbox 1649 3074 1747 3118; x_wconf 88' lang='lat' dir='ltr'>carne</span> <span class='ocrx_word' id='word_1_353' title='bbox 1762 3054 1805 3118; x_wconf 86' lang='lat' dir='ltr'>ab</span> <span class='ocrx_word' id='word_1_354' title='bbox 1821 3053 1986 3119; x_wconf 91' lang='lat' dir='ltr'>alimentis</span> <span class='ocrx_word' id='word_1_355' title='bbox 1998 3055 2151 3131; x_wconf 90' lang='lat' dir='ltr'>abstinet,</span> 
     </span>
     <span class='ocr_line' id='line_1_69' title="bbox 1239 3150 2010 3236; baseline -0.001 -18"><span class='ocrx_word' id='word_1_356' title='bbox 1239 3151 1410 3220; x_wconf 82' lang='lat' dir='ltr'>,sectando</span> <span class='ocrx_word' id='word_1_357' title='bbox 1425 3150 1584 3216; x_wconf 87' lang='lat' dir='ltr'>iustitiam</span> <span class='ocrx_word' id='word_1_358' title='bbox 1600 3173 1620 3216; x_wconf 91' lang='lat' dir='ltr'>a</span> <span class='ocrx_word' id='word_1_359' title='bbox 1635 3153 1733 3236; x_wconf 92' lang='lat' dir='ltr'>culpa</span> <span class='ocrx_word' id='word_1_360' title='bbox 1748 3154 1879 3219; x_wconf 91' lang='lat' dir='ltr'>ieiunet.</span> <span class='ocrx_word' id='word_1_361' title='bbox 1925 3155 2010 3218; x_wconf 58' lang='lat' dir='ltr'>Pera</span> 
     </span>
    </p>
   </div>
   <div class='ocr_carea' id='block_1_25' title="bbox 1634 3328 1773 3395">
    <p class='ocr_par' dir='ltr' id='par_1_25' title="bbox 1634 3328 1773 3395">
     <span class='ocr_line' id='line_1_70' title="bbox 1634 3328 1773 3395; baseline 0.014 -2"><span class='ocrx_word' id='word_1_362' title='bbox 1634 3328 1773 3395; x_wconf 80' lang='lat' dir='ltr'>Secreta.</span> 
     </span>
    </p>
   </div>
   <div class='ocr_carea' id='block_1_26' title="bbox 1251 3451 2154 3638">
    <p class='ocr_par' dir='ltr' id='par_1_26' title="bbox 1251 3451 2154 3638">
     <span class='ocr_line' id='line_1_71' title="bbox 1296 3451 2154 3538; baseline 0.005 -23"><span class='ocrx_word' id='word_1_363' title='bbox 1296 3452 1381 3517; x_wconf 82' lang='lat' dir='ltr'>Haec</span> <span class='ocrx_word' id='word_1_364' title='bbox 1399 3451 1517 3532; x_wconf 89' lang='lat' dir='ltr'>hostia,</span> <span class='ocrx_word' id='word_1_365' title='bbox 1533 3453 1675 3530; x_wconf 92' lang='lat' dir='ltr'>domine,</span> <span class='ocrx_word' id='word_1_366' title='bbox 1692 3455 1888 3538; x_wconf 91' lang='lat' dir='ltr'>placationis</span> <span class='ocrx_word' id='word_1_367' title='bbox 1911 3466 1945 3521; x_wconf 90' lang='lat' dir='ltr'>et</span> <span class='ocrx_word' id='word_1_368' title='bbox 1965 3456 2073 3521; x_wconf 90' lang='lat' dir='ltr'>laudis</span> <span class='ocrx_word' id='word_1_369' title='bbox 2096 3466 2154 3521; x_wconf 89' lang='lat' dir='ltr'>tua</span> 
     </span>
     <span class='ocr_line' id='line_1_72' title="bbox 1251 3552 1975 3638; baseline 0.007 -24"><span class='ocrx_word' id='word_1_370' title='bbox 1251 3571 1311 3616; x_wconf 92' lang='lat' dir='ltr'>nos</span> <span class='ocrx_word' id='word_1_371' title='bbox 1325 3552 1562 3635; x_wconf 91' lang='lat' dir='ltr'>propitiatione</span> <span class='ocrx_word' id='word_1_372' title='bbox 1577 3553 1696 3638; x_wconf 90' lang='lat' dir='ltr'>dignos</span> <span class='ocrx_word' id='word_1_373' title='bbox 1712 3556 1842 3621; x_wconf 89' lang='lat' dir='ltr'>efficiat.</span> <span class='ocrx_word' id='word_1_374' title='bbox 1889 3556 1975 3620; x_wconf 73' lang='lat' dir='ltr'>Per.t</span> 
     </span>
    </p>
   </div>
   <div class='ocr_carea' id='block_1_27' title="bbox 1617 3729 1790 3811">
    <p class='ocr_par' dir='ltr' id='par_1_27' title="bbox 1617 3729 1790 3811">
     <span class='ocr_line' id='line_1_73' title="bbox 1617 3729 1790 3811; baseline 0.006 -18"><span class='ocrx_word' id='word_1_375' title='bbox 1617 3729 1790 3811; x_wconf 75' lang='lat' dir='ltr'>Proesattb.</span> 
     </span>
    </p>
   </div>
   <div class='ocr_carea' id='block_1_28' title="bbox 1250 3852 2155 4221">
    <p class='ocr_par' dir='ltr' id='par_1_28' title="bbox 1250 3852 2155 4221">
     <span class='ocr_line' id='line_1_74' title="bbox 1295 3852 2153 3940; baseline 0.006 -25"><span class='ocrx_word' id='word_1_376' title='bbox 1295 3852 1341 3916; x_wconf 91' lang='lat' dir='ltr'>Et</span> <span class='ocrx_word' id='word_1_377' title='bbox 1364 3852 1598 3918; x_wconf 79' lang='lat' dir='ltr'>maiestatem⁴</span> <span class='ocrx_word' id='word_1_378' title='bbox 1617 3863 1710 3918; x_wconf 91' lang='lat' dir='ltr'>tuam</span> <span class='ocrx_word' id='word_1_379' title='bbox 1732 3854 1871 3940; x_wconf 92' lang='lat' dir='ltr'>supplici</span> <span class='ocrx_word' id='word_1_380' title='bbox 1894 3855 2073 3921; x_wconf 91' lang='lat' dir='ltr'>deuotione</span> <span class='ocrx_word' id='word_1_381' title='bbox 2096 3858 2153 3920; x_wconf 91' lang='lat' dir='ltr'>de-</span> 
     </span>
     <span class='ocr_line' id='line_1_75' title="bbox 1250 3953 2154 4038; baseline 0.006 -24"><span class='ocrx_word' id='word_1_382' title='bbox 1250 3972 1394 4033; x_wconf 92' lang='lat' dir='ltr'>poscere,</span> <span class='ocrx_word' id='word_1_383' title='bbox 1419 3963 1456 4016; x_wconf 92' lang='lat' dir='ltr'>ut</span> <span class='ocrx_word' id='word_1_384' title='bbox 1479 3953 1589 4017; x_wconf 93' lang='lat' dir='ltr'>ieiunii</span> <span class='ocrx_word' id='word_1_385' title='bbox 1613 3957 1716 4018; x_wconf 93' lang='lat' dir='ltr'>nostri</span> <span class='ocrx_word' id='word_1_386' title='bbox 1744 3955 1915 4020; x_wconf 90' lang='lat' dir='ltr'>oblatione</span> <span class='ocrx_word' id='word_1_387' title='bbox 1938 3955 2097 4038; x_wconf 90' lang='lat' dir='ltr'>placatus,</span> <span class='ocrx_word' id='word_1_388' title='bbox 2120 3964 2154 4020; x_wconf 90' lang='lat' dir='ltr'>et</span> 
     </span>
     <span class='ocr_line' id='line_1_76' title="bbox 1250 4053 2155 4134; baseline 0.006 -19"><span class='ocrx_word' id='word_1_389' title='bbox 1250 4062 1462 4134; x_wconf 89' lang='lat' dir='ltr'>peccatorum</span> <span class='ocrx_word' id='word_1_390' title='bbox 1494 4053 1589 4118; x_wconf 91' lang='lat' dir='ltr'>nobis</span> <span class='ocrx_word' id='word_1_391' title='bbox 1619 4055 1783 4120; x_wconf 89' lang='lat' dir='ltr'>concedas</span> <span class='ocrx_word' id='word_1_392' title='bbox 1813 4056 1955 4134; x_wconf 91' lang='lat' dir='ltr'>ueniam,</span> <span class='ocrx_word' id='word_1_393' title='bbox 1981 4066 2014 4121; x_wconf 90' lang='lat' dir='ltr'>et</span> <span class='ocrx_word' id='word_1_394' title='bbox 2045 4076 2106 4120; x_wconf 91' lang='lat' dir='ltr'>nos</span> <span class='ocrx_word' id='word_1_395' title='bbox 2134 4077 2155 4120; x_wconf 87' lang='lat' dir='ltr'>a</span> 
     </span>
     <span class='ocr_line' id='line_1_77' title="bbox 1250 4152 1957 4221; baseline 0.01 -7"><span class='ocrx_word' id='word_1_396' title='bbox 1250 4152 1361 4217; x_wconf 87' lang='lat' dir='ltr'>noxiis</span> <span class='ocrx_word' id='word_1_397' title='bbox 1375 4152 1494 4218; x_wconf 90' lang='lat' dir='ltr'>liberes</span> <span class='ocrx_word' id='word_1_398' title='bbox 1509 4153 1643 4220; x_wconf 77' lang='lat' dir='ltr'>insidiis</span> <span class='ocrx_word' id='word_1_399' title='bbox 1689 4155 1751 4220; x_wconf 91' lang='lat' dir='ltr'>Per</span> <span class='ocrx_word' id='word_1_400' title='bbox 1765 4154 1925 4221; x_wconf 87' lang='lat' dir='ltr'>christum</span> <span class='ocrx_word' id='word_1_401' title='bbox 1935 4153 1957 4221; x_wconf 79' lang='lat'>⁶.</span> 
     </span>
    </p>
   </div>
   <div class='ocr_carea' id='block_1_29' title="bbox 1553 4331 1855 4415">
    <p class='ocr_par' dir='ltr' id='par_1_29' title="bbox 1553 4331 1855 4415">
     <span class='ocr_line' id='line_1_78' title="bbox 1553 4331 1855 4415; baseline 0.007 -21"><span class='ocrx_word' id='word_1_402' title='bbox 1553 4331 1617 4396; x_wconf 81' lang='lat' dir='ltr'>Ad</span> <span class='ocrx_word' id='word_1_403' title='bbox 1629 4332 1855 4415; x_wconf 79' lang='lat' dir='ltr'>complendum.</span> 
     </span>
    </p>
   </div>
   <div class='ocr_carea' id='block_1_30' title="bbox 1251 4456 2154 4722">
    <p class='ocr_par' dir='ltr' id='par_1_30' title="bbox 1251 4456 2154 4722">
     <span class='ocr_line' id='line_1_79' title="bbox 1296 4456 2152 4542; baseline 0.004 -23"><span class='ocrx_word' id='word_1_404' title='bbox 1296 4456 1382 4520; x_wconf 86' lang='lat' dir='ltr'>Haec</span> <span class='ocrx_word' id='word_1_405' title='bbox 1398 4476 1458 4522; x_wconf 92' lang='lat' dir='ltr'>nos</span> <span class='ocrx_word' id='word_1_406' title='bbox 1474 4460 1672 4534; x_wconf 89' lang='lat' dir='ltr'>communio,</span> <span class='ocrx_word' id='word_1_407' title='bbox 1687 4460 1828 4536; x_wconf 83' lang='lat' dir='ltr'>domine,</span> <span class='ocrx_word' id='word_1_408' title='bbox 1840 4467 1959 4542; x_wconf 90' lang='lat' dir='ltr'>purget</span> <span class='ocrx_word' id='word_1_409' title='bbox 1974 4479 1994 4522; x_wconf 99' lang='lat' dir='ltr'>a</span> <span class='ocrx_word' id='word_1_410' title='bbox 2008 4457 2152 4533; x_wconf 90' lang='lat' dir='ltr'>crimine,</span> 
     </span>
     <span class='ocr_line' id='line_1_80' title="bbox 1251 4555 2154 4634; baseline 0.002 -16"><span class='ocrx_word' id='word_1_411' title='bbox 1251 4566 1284 4620; x_wconf 91' lang='lat' dir='ltr'>et</span> <span class='ocrx_word' id='word_1_412' title='bbox 1309 4555 1452 4621; x_wconf 83' lang='lat' dir='ltr'>caelestis</span> <span class='ocrx_word' id='word_1_413' title='bbox 1475 4558 1612 4622; x_wconf 92' lang='lat' dir='ltr'>remedii</span> <span class='ocrx_word' id='word_1_414' title='bbox 1638 4557 1739 4624; x_wconf 81' lang='lat' dir='ltr'>saciat</span> <span class='ocrx_word' id='word_1_415' title='bbox 1764 4579 1836 4628; x_wconf 83' lang='lat' dir='ltr'>esse</span> <span class='ocrx_word' id='word_1_416' title='bbox 1866 4567 2045 4623; x_wconf 80' lang='lat' dir='ltr'>consortes</span> <span class='ocrx_word' id='word_1_417' title='bbox 2092 4557 2154 4634; x_wconf 86' lang='lat' dir='ltr'>Per</span> 
     </span>
     <span class='ocr_line' id='line_1_81' title="bbox 1251 4657 1448 4722; baseline 0 -2"><span class='ocrx_word' id='word_1_418' title='bbox 1251 4657 1448 4722; x_wconf 66' lang='lat' dir='ltr'>dominum?</span> 
     </span>
    </p>
   </div>
   <div class='ocr_carea' id='block_1_31' title="bbox 1589 4756 1819 4839">
    <p class='ocr_par' dir='ltr' id='par_1_31' title="bbox 1589 4756 1819 4839">
     <span class='ocr_line' id='line_1_82' title="bbox 1589 4756 1819 4839; baseline 0 -20"><span class='ocrx_word' id='word_1_419' title='bbox 1589 4756 1819 4839; x_wconf 80' lang='lat' dir='ltr'>Adpopnlum.</span> 
     </span>
    </p>
   </div>
   <div class='ocr_carea' id='block_1_32' title="bbox 1251 4880 2153 5065">
    <p class='ocr_par' dir='ltr' id='par_1_32' title="bbox 1251 4880 2153 5065">
     <span class='ocr_line' id='line_1_83' title="bbox 1294 4880 2153 4965; baseline -0.002 -20"><span class='ocrx_word' id='word_1_420' title='bbox 1294 4880 1353 4946; x_wconf 84' lang='lat' dir='ltr'>Ad</span> <span class='ocrx_word' id='word_1_421' title='bbox 1377 4893 1449 4946; x_wconf 88' lang='lat' dir='ltr'>esto</span> <span class='ocrx_word' id='word_1_422' title='bbox 1472 4881 1769 4965; x_wconf 89' lang='lat' dir='ltr'>supplicationibus</span> <span class='ocrx_word' id='word_1_423' title='bbox 1792 4883 1919 4960; x_wconf 90' lang='lat' dir='ltr'>nostris,</span> <span class='ocrx_word' id='word_1_424' title='bbox 1942 4880 2153 4964; x_wconf 92' lang='lat' dir='ltr'>omnipotens</span> 
     </span>
     <span class='ocr_line' id='line_1_84' title="bbox 1251 4980 2153 5065; baseline -0.001 -21"><span class='ocrx_word' id='word_1_425' title='bbox 1251 4981 1343 5058; x_wconf 90' lang='lat' dir='ltr'>deus,</span> <span class='ocrx_word' id='word_1_426' title='bbox 1371 4993 1405 5045; x_wconf 91' lang='lat' dir='ltr'>et</span> <span class='ocrx_word' id='word_1_427' title='bbox 1427 4982 1547 5065; x_wconf 89' lang='lat' dir='ltr'>quibus</span> <span class='ocrx_word' id='word_1_428' title='bbox 1571 4981 1725 5047; x_wconf 91' lang='lat' dir='ltr'>fidutiam</span> <span class='ocrx_word' id='word_1_429' title='bbox 1755 4983 1918 5064; x_wconf 90' lang='lat' dir='ltr'>sperande</span> <span class='ocrx_word' id='word_1_430' title='bbox 1943 4981 2078 5064; x_wconf 89' lang='lat' dir='ltr'>pietatis</span> <span class='ocrx_word' id='word_1_431' title='bbox 2104 4980 2153 5043; x_wconf 92' lang='lat' dir='ltr'>in·</span> 
     </span>
    </p>
   </div>
   <div class='ocr_carea' id='block_1_33' title="bbox 1282 5172 1841 5710">
    <p class='ocr_par' dir='ltr' id='par_1_33' title="bbox 1282 5172 1841 5710">
     <span class='ocr_line' id='line_1_85' title="bbox 1283 5172 1445 5240; baseline 0 -16"><span class='ocrx_word' id='word_1_432' title='bbox 1283 5172 1291 5202; x_wconf 94' lang='lat'>¹</span> <span class='ocrx_word' id='word_1_433' title='bbox 1307 5173 1339 5225; x_wconf 91' lang='lat'>0.</span> <span class='ocrx_word' id='word_1_434' title='bbox 1351 5190 1376 5240; x_wconf 93' lang='lat' dir='ltr'>p.</span> <span class='ocrx_word' id='word_1_435' title='bbox 1388 5172 1445 5236; x_wconf 75' lang='lat'>560.</span> 
     </span>
     <span class='ocr_line' id='line_1_86' title="bbox 1282 5252 1634 5311; baseline 0 -9"><span class='ocrx_word' id='word_1_436' title='bbox 1282 5254 1292 5284; x_wconf 87' lang='lat'><strong>¹</strong></span> <span class='ocrx_word' id='word_1_437' title='bbox 1308 5266 1335 5302; x_wconf 80' lang='grc' dir='ltr'>Α.</span> <span class='ocrx_word' id='word_1_438' title='bbox 1347 5253 1452 5304; x_wconf 85' lang='lat' dir='ltr'>Redime</span> <span class='ocrx_word' id='word_1_439' title='bbox 1464 5267 1514 5311; x_wconf 89' lang='lat' dir='ltr'>me,</span> <span class='ocrx_word' id='word_1_440' title='bbox 1525 5252 1634 5304; x_wconf 90' lang='lat' dir='ltr'>domine.</span> 
     </span>
     <span class='ocr_line' id='line_1_87' title="bbox 1310 5331 1625 5392; baseline 0.003 -12"><span class='ocrx_word' id='word_1_441' title='bbox 1310 5343 1347 5380; x_wconf 75' lang='lat' dir='ltr'>rs.</span> <span class='ocrx_word' id='word_1_442' title='bbox 1359 5331 1445 5382; x_wconf 80' lang='lat' dir='ltr'>Iudice</span> <span class='ocrx_word' id='word_1_443' title='bbox 1456 5347 1504 5392; x_wconf 89' lang='lat' dir='ltr'>me,</span> <span class='ocrx_word' id='word_1_444' title='bbox 1516 5331 1625 5382; x_wconf 88' lang='lat' dir='ltr'>domiue.</span> 
     </span>
     <span class='ocr_line' id='line_1_88' title="bbox 1310 5409 1543 5460; baseline 0.004 -2"><span class='ocrx_word' id='word_1_445' title='bbox 1310 5421 1336 5460; x_wconf 78' lang='lat' dir='ltr'>n.</span> <span class='ocrx_word' id='word_1_446' title='bbox 1348 5409 1456 5460; x_wconf 82' lang='lat' dir='ltr'>Adiutor</span> <span class='ocrx_word' id='word_1_447' title='bbox 1466 5425 1543 5459; x_wconf 84' lang='lat' dir='ltr'>meus.</span> 
     </span>
     <span class='ocr_line' id='line_1_89' title="bbox 1310 5487 1546 5538; baseline 0.017 -4"><span class='ocrx_word' id='word_1_448' title='bbox 1310 5499 1337 5538; x_wconf 88' lang='lat' dir='ltr'>v.</span> <span class='ocrx_word' id='word_1_449' title='bbox 1348 5487 1546 5538; x_wconf 73' lang='lat' dir='ltr'>confundantur.</span> 
     </span>
     <span class='ocr_line' id='line_1_90' title="bbox 1310 5565 1662 5616; baseline -0.006 -1"><span class='ocrx_word' id='word_1_450' title='bbox 1310 5577 1353 5615; x_wconf 76' lang='lat' dir='ltr'>or.</span> <span class='ocrx_word' id='word_1_451' title='bbox 1364 5566 1513 5616; x_wconf 78' lang='lat' dir='ltr'>Benedicam</span> <span class='ocrx_word' id='word_1_452' title='bbox 1524 5565 1662 5616; x_wconf 87' lang='lat' dir='ltr'>domiuum.</span> 
     </span>
     <span class='ocr_line' id='line_1_91' title="bbox 1284 5641 1841 5710; baseline 0 -17"><span class='ocrx_word' id='word_1_453' title='bbox 1284 5643 1294 5672; x_wconf 81' lang='lat'><strong>⁴</strong></span> <span class='ocrx_word' id='word_1_454' title='bbox 1309 5645 1428 5710; x_wconf 72' lang='lat' dir='ltr'>pietatem</span> <span class='ocrx_word' id='word_1_455' title='bbox 1440 5644 1468 5695; x_wconf 89' lang='lat' dir='ltr'>Z.</span> <span class='ocrx_word' id='word_1_456' title='bbox 1638 5644 1648 5674; x_wconf 80' lang='lat'>⁵</span> <span class='ocrx_word' id='word_1_457' title='bbox 1664 5641 1696 5692; x_wconf 92' lang='grc' dir='ltr'>Ο.</span> <span class='ocrx_word' id='word_1_458' title='bbox 1707 5658 1732 5707; x_wconf 94' lang='lat' dir='ltr'>p.</span> <span class='ocrx_word' id='word_1_459' title='bbox 1745 5657 1801 5706; x_wconf 77' lang='lat'>30²·</span> <span class='ocrx_word' id='word_1_460' title='bbox 1813 5643 1841 5693; x_wconf 92' lang='lat' dir='ltr'>Z.</span> 
     </span>
    </p>
   </div>
   <div class='ocr_carea' id='block_1_34' title="bbox 1560 5171 2153 5628">
    <p class='ocr_par' dir='ltr' id='par_1_34' title="bbox 1560 5171 1815 5239">
     <span class='ocr_line' id='line_1_92' title="bbox 1560 5171 1815 5239; baseline -0.004 -17"><span class='ocrx_word' id='word_1_461' title='bbox 1560 5171 1815 5239; x_wconf 58' lang='lat' dir='ltr'>&#39;Epffiwmh</span> 
     </span>
    </p>

    <p class='ocr_par' dir='ltr' id='par_1_35' title="bbox 1761 5249 2152 5302">
     <span class='ocr_line' id='line_1_93' title="bbox 1761 5249 2152 5302; baseline 0.005 -3"><span class='ocrx_word' id='word_1_462' title='bbox 1761 5249 2152 5302; x_wconf 77' lang='lat' dir='ltr'>connominedoninmnoster.</span> 
     </span>
    </p>

    <p class='ocr_par' dir='ltr' id='par_1_36' title="bbox 1761 5327 2153 5458">
     <span class='ocr_line' id='line_1_94' title="bbox 1761 5327 2153 5392; baseline 0.003 -15"><span class='ocrx_word' id='word_1_463' title='bbox 1761 5331 1835 5392; x_wconf 80' lang='lat' dir='ltr'>(nnc.</span> <span class='ocrx_word' id='word_1_464' title='bbox 1864 5327 1955 5378; x_wconf 79' lang='lat' dir='ltr'>Orsuit</span> <span class='ocrx_word' id='word_1_465' title='bbox 1988 5327 2087 5380; x_wconf 78' lang='lat' dir='ltr'>danihel</span> <span class='ocrx_word' id='word_1_466' title='bbox 2121 5328 2153 5378; x_wconf 84' lang='lat' dir='ltr'>ad</span> 
     </span>
     <span class='ocr_line' id='line_1_95' title="bbox 1858 5407 1995 5458; baseline 0.015 -2"><span class='ocrx_word' id='word_1_467' title='bbox 1858 5407 1995 5458; x_wconf 84' lang='lat' dir='ltr'>dominum.</span> 
     </span>
    </p>

    <p class='ocr_par' dir='ltr' id='par_1_37' title="bbox 1760 5485 2153 5628">
     <span class='ocr_line' id='line_1_96' title="bbox 1760 5485 2153 5554; baseline -0.003 -19"><span class='ocrx_word' id='word_1_468' title='bbox 1760 5498 1806 5536; x_wconf 71' lang='grc' dir='ltr'>ιν.</span> <span class='ocrx_word' id='word_1_469' title='bbox 1829 5485 1885 5552; x_wconf 81' lang='lat' dir='ltr'>Ego</span> <span class='ocrx_word' id='word_1_470' title='bbox 1908 5485 1983 5544; x_wconf 79' lang='lat' dir='ltr'>uado,</span> <span class='ocrx_word' id='word_1_471' title='bbox 2006 5493 2031 5536; x_wconf 87' lang='lat' dir='ltr'>et</span> <span class='ocrx_word' id='word_1_472' title='bbox 2050 5486 2153 5554; x_wconf 68' lang='lat' dir='ltr'>queritis</span> 
     </span>
     <span class='ocr_line' id='line_1_97' title="bbox 1857 5564 1918 5628; baseline 0.033 -14"><span class='ocrx_word' id='word_1_473' title='bbox 1857 5564 1918 5628; x_wconf 87' lang='lat' dir='ltr'>me).</span> 
     </span>
    </p>
   </div>
   <div class='ocr_carea' id='block_1_35' title="bbox 0 0 2570 6608">
    <p class='ocr_par' dir='ltr' id='par_1_38' title="bbox 0 0 2570 6608">
     <span class='ocr_line' id='line_1_98' title="bbox 0 0 2570 6608; baseline 0 0"><span class='ocrx_word' id='word_1_474' title='bbox 0 0 2570 6608; x_wconf 95' lang='lat' dir='ltr'> </span> 
     </span>
    </p>
   </div>
  </div>
 </body>
</html>
