5116 6608
411 617 482 692 25²
560 596 646 684 ᾗῇ.
674 595 809 682 inune
834 594 981 686 magn,
1008 587 1181 683 §tribunt

409 801 526 861 brantes
540 801 595 860 sub
609 799 722 858 honore
736 797 826 857 marie
840 793 1021 872 magdalene,
1037 790 1073 852 de
1087 789 1170 850 cuius
1184 803 1307 850 conuer-

410 896 494 955 sione
508 893 637 971 gaudent
652 891 748 970 angeli
762 901 791 951 et
805 889 984 951 conlaudant
997 885 1088 945 lilium
1104 883 1160 944 dei.

450 989 505 1049 Pr.
525 987 685 1049 Eructauit.

800 1066 927 1128 Collecla.

450 1189 570 1268 Largirc
591 1189 687 1260 nobis,
700 1186 925 1249 clementissime
946 1196 1036 1263 pater,
1052 1202 1112 1262 quo
1134 1183 1208 1242 sicut
1224 1183 1311 1240 beata

408 1285 500 1344 maria
523 1282 698 1361 magdalene
720 1281 873 1342 dominum
898 1279 986 1340 deum
1012 1297 1099 1356 super
1122 1277 1223 1337 omnia
1248 1275 1311 1334 dili-

409 1377 517 1456 gendo,
531 1395 652 1437 suorum
668 1376 787 1435 ueniam
806 1377 933 1435 obtinuit
946 1374 1175 1453 peccaminum
1197 1371 1237 1430 ita
1256 1387 1311 1446 pro

409 1474 494 1533 nobis
510 1472 590 1549 apud
604 1471 835 1531 misericordiam
850 1479 930 1530 tuam
946 1469 1163 1547 sempiternam,
1179 1465 1312 1542 impetret

409 1567 628 1628 beatitudinem.
669 1564 734 1625 Per.

791 1657 930 1735 Epistola.

450 1742 605 1803 Mulierem
618 1741 732 1802 sortem.

453 1835 507 1897 Gr.
530 1837 688 1896 Adiuuabit
702 1855 768 1896 eam
782 1836 863 1898 deus.
905 1833 1038 1894 Alleluia.

457 1931 488 1990 V.
524 1930 676 2009 Optimam
704 1941 817 2008 partem
844 1929 932 2007 elegit
960 1929 1014 1988 sibi
1044 1927 1136 1986 maria
1165 1943 1222 2003 que
1250 1941 1313 1982 non

409 2029 553 2089 auferetur
567 2030 605 2088 ab
619 2047 655 2088 ca
669 2029 700 2086 in
712 2037 854 2089 eternum.

396 2167 399 2174 ψ
449 2123 607 2201 Sequentia.
628 2123 745 2184 Scalam
760 2123 797 2183 ad
812 2121 900 2183 celos.

761 2295 961 2376 Euangelt'unt.

450 2415 589 2494 Rogabat
609 2417 724 2477 ihesum
745 2416 865 2495 quidam
885 2414 1037 2492 phariseus
1052 2431 1155 2490 usque.
1170 2410 1312 2488 quoniam

409 2509 509 2571 dilexit
526 2510 657 2569 multum.

454 2604 510 2682 Off.
531 2604 646 2664 Diffusa
660 2613 705 2664 est
719 2604 818 2682 gratia

800 2761 919 2823 Secreta.

450 2884 618 2955 Offerimus,
647 2883 774 2958 domine,
803 2904 905 2963 preces
936 2897 965 2944 et
992 2884 1112 2955 hostias,
1138 2884 1167 2943 in
1199 2881 1311 2941 honore

409 2988 509 3040 sancte
524 2979 613 3038 marie
628 2979 801 3054 magdalene
820 2979 999 3056 gaudentes;
1021 2988 1127 3055 presta,
1141 2993 1311 3055 quesumus,

409 3083 442 3132 ut
468 3083 498 3132 et
526 3073 735 3133 conuenienter
759 3073 814 3147 hec
838 3091 934 3150 agere,
958 3083 987 3133 et
1014 3071 1176 3132 remedium
1204 3069 1310 3149 sempi-

409 3178 523 3228 ternum
538 3167 688 3228 ualeamus
703 3166 863 3246 adquirere.
906 3167 969 3226 Per.

454 3261 625 3322 Communia.
646 3261 781 3322 Dilexisti
796 3262 942 3321 iustitiam.

742 3431 970 3492 Porlcommum'o.

451 3552 542 3622 Deus,
564 3552 613 3629 qui
636 3570 692 3612 nos
715 3570 768 3631 per
788 3553 972 3630 unigenitum
997 3561 1088 3623 tuum,
1110 3551 1195 3610 beate
1218 3549 1310 3623 marie

409 3646 585 3723 magdalene
607 3646 761 3707 dilectione
782 3647 874 3706 multa
896 3656 1083 3724 peccatorum
1106 3645 1309 3705 remissionem

410 3740 604 3808 sanctificasti,
619 3741 750 3800 concede
771 3751 802 3799 ut
823 3742 937 3818 pietatis
958 3742 1020 3800 eius
1041 3739 1259 3817 conpunctione
1281 3747 1310 3798 et

410 3835 568 3894 deuotione
583 3833 690 3894 habere
705 3836 816 3912 premia
830 3853 1002 3894 mereamur.
1044 3834 1099 3893 Per
1114 3832 1275 3893 dominum.

453 3927 619 3988 Sanctificet
649 3947 713 4000 nos,
742 3929 871 4002 domine,
900 3939 930 3988 et
964 3929 1085 4000 muniat,
1113 3927 1310 3986 intercedente

410 4023 497 4082 beata
526 4023 616 4082 maria
649 4022 831 4101 magdalena,
860 4024 950 4083 diuini
983 4024 1111 4083 muneris
1144 4023 1253 4095 libatio,
1281 4031 1311 4082 et

410 4115 560 4176 celestium
573 4118 712 4178 uirtutum
728 4117 889 4179 coheredes
903 4116 1000 4178 saciat.
1042 4116 1107 4177 Per.

501 4335 623 4410 illisas.
658 4337 798 4402 linumtiu
820 4337 945 4419 turperis
965 4339 1061 4402 sunni
1081 4335 1216 4419 stephani

748 4436 981 4516 prutrmurtptis.

404 4631 408 4641 ‚
451 4567 570 4627 Etenim
587 4567 732 4628 sederunt

451 4667 505 4727 Pr.
526 4666 608 4725 Beati
623 4667 797 4727 inmaculati.

801 4839 929 4902 Collecta.

452 4961 543 5034 Deus,
568 4962 618 5038 qui
641 4961 679 5021 ad
703 4961 910 5023 celebrandum
937 4964 1024 5024 nohis
1051 4964 1221 5026 honorabile
1245 4945 1313 5042 pre·

412 5056 501 5116 sentis
516 5056 572 5115 diei
588 5056 702 5128 festum,
714 5058 744 5116 in
759 5059 835 5117 beati
846 5059 979 5135 martyris
994 5070 1023 5119 et
1033 5059 1119 5120 leuite
1128 5061 1169 5120 tui
1179 5060 1312 5137 stephani

412 5150 581 5209 inuentione
603 5151 744 5225 tribuisti3
766 5161 795 5211 te
817 5153 985 5230 suppliciter
1006 5171 1171 5228 exoramus,
1189 5164 1229 5226 ut,
1247 5155 1313 5232 ipso

412 5244 619 5317 intercedente,
632 5264 797 5306 mereamur
811 5248 842 5306 in
857 5248 1014 5308 celestibus
1028 5249 1163 5310 inueniri.
1204 5247 1268 5308 Per.

795 5405 932 5484 Epr'stola.

454 5495 553 5557 Nemo
567 5499 693 5560 militans
706 5499 772 5560 de0.

457 5588 510 5650 Gr.
533 5591 676 5653 Sederunt
689 5595 841 5674 principes.

1597 585 1644 672 ᾖ.
1672 585 1805 672 mune
1830 587 1873 661 rt
1899 587 2018 670 suan.

1406 783 1441 844 U.
1463 785 1579 846 Adiuua
1592 805 1649 847 me.
1691 786 1821 847 Alleluia

1405 879 1439 938 U.
1460 879 1558 943 Uideo
1572 882 1652 943 celos
1667 889 1793 960 apertos.

1716 1032 1913 1110 Euangelon

1402 1138 1527 1201 Dicebat
1559 1140 1656 1200 ihesus
1679 1141 1771 1200 turbis
1799 1141 1999 1219 phariseorum
2027 1146 2057 1198 et
2084 1137 2263 1216 principibus

1361 1233 1532 1294 iudeorum:
1562 1233 1610 1295 Ue
1632 1235 1718 1296 uobis
1740 1237 1790 1314 qui
1813 1234 1954 1296 edificatis
1979 1242 2171 1293 monumenta
2194 1250 2263 1311 pro·

1361 1326 1523 1405 phetarum.

1406 1419 1461 1500 Off.
1484 1422 1520 1481 In
1534 1423 1638 1484 uirtute
1652 1433 1709 1495 tua,
1724 1424 1853 1484 domine.

1753 1555 1873 1617 Secreta.

1405 1675 1585 1737 Sacrificium
1619 1679 1679 1748 tibi,
1715 1679 1844 1752 domine,
1875 1679 2004 1740 fidelium
2039 1688 2156 1737 tuorum
2187 1674 2264 1735 uotis

1364 1771 1493 1830 oblatum
1515 1789 1635 1832 serenus
1656 1773 1794 1847 admitte;
1817 1785 1849 1833 ut
1863 1774 1943 1851 quod
1960 1771 2066 1832 dilecto
2082 1770 2198 1848 martyri
2212 1779 2264 1828 tuo

1364 1864 1534 1925 hodiernam
1555 1866 1733 1928 inuentionis
1754 1887 1806 1928 sue
1826 1866 1947 1929 contulit
1968 1867 2100 1944 gloriam,
2119 1866 2205 1925 nohis
2226 1862 2264 1924 ad

1364 1959 1596 2038 redemptionem
1610 1961 1702 2039 prosit
1716 1971 1864 2022 aeternam.
1906 1962 1961 2022 Per
1975 1961 2137 2022 dominum.

1744 2093 1885 2173 Preslzhb.

1404 2211 1441 2271 U.
1454 2211 1491 2272 D.
1506 2223 1614 2275 aeteme
1626 2213 1706 2274 deus.
1735 2214 1774 2274 Et
1787 2216 1818 2275 in
1831 2215 1958 2292 presenti
1972 2213 2124 2274 iestiuitate
2138 2213 2264 2274 hostiam

1363 2307 1413 2365 tibi
1441 2308 1591 2368 immolare
1616 2309 1816 2387 sollempnem,
1839 2326 1898 2387 qua
1922 2309 2040 2386 pretiosi
2067 2307 2201 2384 martyris
2228 2325 2263 2366 ac

1363 2401 1449 2461 leuite
1463 2402 1597 2480 stephani
1608 2403 1777 2464 inuentione
1788 2404 1915 2481 purifica,
1927 2402 2040 2464 donum
2054 2401 2166 2461 mundo
2180 2401 2264 2479 spiri·

1363 2494 1419 2554 tale
1438 2497 1603 2557 cumulatur
1621 2508 1650 2558 et
1668 2498 1817 2575 gaudium.
1860 2497 1939 2571 Quia
1953 2498 2032 2557 enim
2049 2507 2077 2556 te
2091 2514 2164 2574 pura
2178 2495 2264 2554 dilec-

1364 2591 1443 2652 tione
1458 2594 1539 2670 sequi
1554 2613 1616 2654 non
1629 2595 1746 2666 distulit,
1760 2603 1791 2654 tu
1805 2592 1883 2654 hanc
1897 2593 1936 2652 illi
1957 2593 2079 2670 gratiam
2099 2579 2264 2651 remunera·

1364 2685 1452 2746 tionis
1461 2687 1614 2765 impendis,
1623 2700 1655 2748 ut
1664 2699 1692 2749 et
1703 2687 1960 2750 inmarcessibilem
1970 2705 2001 2747 se
2010 2686 2129 2764 adipisci
2139 2685 2265 2762 martyrii

1363 2779 1501 2856 palmam,
1526 2792 1555 2841 et
1582 2782 1672 2859 ipsius
1697 2784 1819 2844 obtentu
1846 2782 1989 2860 populum
2017 2792 2099 2841 tuum
2126 2779 2264 2841 celestem

1363 2875 1507 2937 introduci
1521 2878 1623 2938 letetur
1637 2879 1674 2938 ad
1689 2879 1820 2957 gloriam.
1864 2879 1920 2940 Per
1933 2879 2081 2939 christum.

1407 2969 1577 3032 Communia.
1599 2972 1695 3033 Uideo
1710 2975 1791 3034 celos
1805 2984 1930 3051 apertos.

1702 3115 1931 3176 postcommunio.

1402 3231 1565 3310 Epularum
1579 3245 1693 3296 tuarum
1711 3236 1851 3296 alimento
1870 3236 1993 3314 saginati
2007 3245 2036 3294 te
2052 3233 2196 3294 humiliter
2209 3251 2260 3293 ro·

1361 3345 1476 3403 gamus,
1491 3328 1609 3389 domine
1630 3328 1703 3390 deus
1723 3339 1830 3402 noster,
1846 3340 1878 3389 ut
1898 3331 1975 3390 beati
1995 3328 2127 3406 martyris
2140 3328 2181 3386 tui
2202 3338 2259 3387 ste·
2355 3357 2362 3372 ·

1362 3420 1452 3497 phani
1473 3423 1580 3482 meritis
1601 3424 1710 3502 ubique
1730 3443 1785 3484 nos
1806 3423 1934 3494 adiuues,
1950 3423 2032 3483 cuius
2045 3422 2134 3482 hodie
2147 3421 2259 3481 reuela-

1361 3513 1448 3574 tionis
1462 3515 1635 3594 sollempnia
1648 3517 1838 3579 celebramus.
1880 3518 1945 3578 Per.

1772 3651 1852 3710 Alth.

1401 3766 1459 3839 Da,
1480 3787 1648 3847 quesumus,
1671 3769 1800 3840 domine,
1824 3769 1902 3829 hanc
1925 3771 2052 3847 presenti
2079 3767 2187 3842 familie
2210 3777 2259 3840 tue

1362 3863 1493 3938 gratiam,
1508 3874 1539 3922 ut
1553 3864 1602 3940 qui
1622 3864 1698 3922 beati
1715 3865 1847 3941 martyris
1862 3865 1902 3923 tui
1921 3875 1950 3924 et
1969 3864 2055 3923 leuite
2069 3862 2203 3940 stephani
2217 3861 2262 3919 in·

1362 3957 1532 4017 uentionem
1553 3975 1653 4018 annuo
1674 3969 1828 4017 ueneratur
1849 3959 2001 4035 obsequio,
2018 3975 2055 4016 eo
2076 3956 2263 4032 suffragante,

1363 4061 1391 4110 te
1405 4051 1622 4112 misericordem
1647 4052 1770 4112 inueniri
1795 4063 1938 4112 mereatur
1959 4051 1989 4110 in
2013 4051 2088 4127 celo.
2130 4049 2185 4110 Per
2208 4049 2262 4109 do·

1362 4162 1484 4204 minum.

1393 4355 1448 4420 tt.
1464 4355 1525 4421 isal.
1541 4371 1600 4438 rep.
1635 4355 1755 4423 Durus
1775 4363 1882 4422 sancta
1902 4357 1998 4420 maria
2019 4357 2055 4418 ab
2075 4361 2226 4436 martprts.

1406 4484 1555 4558 Concede,
1584 4505 1752 4565 quesumus,
1781 4487 1968 4563 omnipotens
1996 4485 2078 4557 deus,
2106 4484 2144 4544 ad
2177 4485 2263 4556 beate

1364 4579 1465 4654 marie,
1491 4598 1606 4657 semper
1627 4582 1755 4659 uirginis,
1776 4581 1884 4658 gaudia
1907 4591 2007 4640 eterna
2030 4581 2203 4658 pertingere,
2226 4576 2264 4636 de

1366 4675 1448 4734 cuius
1468 4692 1524 4734 nos
1545 4674 1712 4735 ueneranda
1732 4675 1932 4753 assumptione
1955 4674 2056 4733 tribuis
2083 4691 2182 4733 annua
2206 4671 2264 4732 sol·

1364 4767 1533 4846 lempnitate
1554 4769 1690 4848 gaudere.
1732 4768 1796 4829 Per.

1754 4899 1872 4962 Secreta

1406 5020 1575 5092 Subueniat,
1598 5019 1725 5093 domine,
1750 5021 1828 5099 plebi
1851 5035 1900 5096 tue
1922 5020 1969 5082 dei
1993 5019 2139 5097 genitricis
2160 5019 2263 5089 oratio,

1365 5133 1454 5193 quam
1475 5115 1530 5175 etsi
1554 5133 1608 5192 pro
1629 5116 1800 5176 conditione
1823 5117 1919 5176 carnis
1943 5117 2084 5192 migrasse
2108 5115 2263 5191 cognosci·

1366 5227 1441 5281 mus,
1463 5211 1493 5268 in
1514 5210 1613 5284 celesti
1634 5210 1726 5288 gloria
1749 5211 1829 5289 apud
1850 5221 1878 5270 te
1901 5229 1955 5290 pro
1981 5210 2067 5270 nobis
2090 5227 2174 5270 orare
2199 5227 2265 5268 sen·

1366 5305 1480 5364 tiamus.
1522 5303 1585 5364 Per.

1701 5386 1930 5446 Poslcommunr'o.

1407 5505 1595 5567 Famulorurn
1636 5517 1761 5578 tuorum,
1794 5525 1962 5584 quesumus,
1995 5506 2123 5582 domine,
2154 5505 2265 5568 delictis

1367 5599 1496 5676 ignosce.
1538 5599 1663 5680 Requr're
1682 5609 1827 5680 utsupra.
