5122 6610
619 483 706 570 ᾗῇ.
724 482 932 578 Jfrlttlssimi,
958 485 1100 582 agapiti

411 689 502 757 beati
518 685 610 773 syxti
626 685 780 770 martyris
796 685 846 752 tui
868 693 971 770 atque
992 685 1157 770 pontificis
1163 685 1184 767 ¹,
1199 697 1314 754 contra

411 789 523 854 omnia
538 788 678 854 aduersa
693 785 889 851 muniamur.
935 787 1005 852 Per.

416 505 484 576 152

788 961 931 1028 Secreta.

454 1088 629 1156 Sacrificiis
651 1087 868 1173 presentibus,
890 1085 1033 1166 domiue,
1053 1108 1240 1171 quesumus,
1263 1085 1312 1152 in·

409 1190 512 1256 tende
526 1189 685 1274 placatus,
701 1196 738 1254 ut
755 1187 926 1254 deuotioni
947 1196 1070 1253 nostrae
1089 1188 1263 1272 proficiant
1278 1197 1312 1253 et

408 1290 517 1357 saluti.
563 1290 650 1355 Per.t

776 1387 939 1471 Presatrb.

452 1515 499 1582 U.
515 1515 558 1580 D.
575 1524 697 1581 aeterne
712 1515 804 1580 deus·
850 1511 915 1579 Et²
929 1513 962 1578 in
978 1513 1032 1578 die
1047 1512 1237 1580 sestiuitatis
1251 1513 1311 1578 ho·

408 1617 532 1692 dieme‚
557 1637 623 1700 qua
652 1615 770 1680 beatus
802 1624 922 1699 syxtus
952 1615 1075 1698 pariter
1098 1615 1252 1679 sacerdos
1277 1622 1312 1678 et

408 1726 536 1799 martyr
552 1717 713 1782 deuotum
730 1715 791 1781 tibi
810 1715 1004 1798 sanguinem
1027 1714 1217 1779 exultanter
1231 1714 1311 1778 effu·

408 1817 468 1895 dit,
483 1814 550 1900 Qui
573 1815 616 1882 ad
639 1816 781 1880 eandem
795 1814 935 1898 gloriam
958 1816 1212 1898 promerendam
1234 1815 1313 1879 doc-

407 1917 493 1998 trine
529 1935 598 1980 suae
635 1915 720 1980 filios
757 1915 916 1993 incitauit,
947 1923 982 1980 et
1018 1934 1103 1997 quos
1141 1913 1312 1980 erudiebat

408 2015 543 2080 hortatu
559 2014 774 2099 preueniebat
788 2014 954 2098 exemplo.
1000 2015 1063 2080 Per
1077 2014 1235 2080 christum
1245 2014 1267 2077 ⁸.

700 2205 803 2288 Infra
824 2203 1012 2271 actionem.

453 2332 546 2397 Intra
568 2351 708 2415 quorum
731 2352 792 2396 nos
817 2331 1018 2396 consortium
1041 2351 1107 2396 non
1128 2328 1311 2394 aestimator

409 2432 517 2498 meriti
527 2431 586 2497 sed
599 2431 714 2511 ueniae,
725 2451 913 2516 quesumus,
924 2430 1062 2514 largitor
1072 2429 1221 2495 admitte.
1248 2429 1311 2494 Per

408 2531 594 2597 christum.t

728 2628 883 2712 Presatio
904 2649 985 2694 uuoe.

452 2755 607 2830 Benedic,
630 2753 774 2835 domine,
796 2765 831 2821 et
859 2754 921 2820 hos
944 2752 1071 2820 fructus
1099 2773 1204 2820 nouos
1226 2773 1310 2832 uuae,

407 2877 491 2941 quos
505 2864 552 2935 tu,
567 2855 711 2934 domine,
726 2875 787 2939 per
801 2875 910 2919 rorem
926 2853 999 2919 caeli
1021 2863 1056 2918 et
1079 2851 1310 2918 inundantiam

407 2956 604 3040 pluuiarum,
621 2965 655 3020 et
669 2963 857 3039 temporum
874 2953 1052 3018 serenitate
1071 2960 1104 3016 et
1126 2951 1310 3035 tranquilli-

407 3065 487 3132 tate,
509 3056 552 3120 ad
576 3054 801 3119 maturitatem
822 3054 1004 3137 perducere
1025 3051 1182 3136 dignatus
1197 3071 1253 3130 es;
1276 3061 1310 3116 et

407 3155 529 3220 dedisti
551 3174 591 3219 ea
620 3154 664 3218 ad
694 3173 774 3217 usus
795 3163 926 3219 nostros
948 3173 1025 3217 curn
1047 3151 1228 3235 gratiarum
1255 3170 1310 3214 ac-

406 3256 499 3320 tione
521 3254 697 3338 percipere,
720 3253 753 3316 in
777 3254 909 3317 nomine
935 3251 1061 3317 domini
1088 3251 1191 3316 nostri
1215 3249 1308 3314 ihesu

406 3354 526 3433 christi,
546 3374 606 3437 per
627 3373 728 3437 quem
758 3351 820 3435 hec
838 3351 964 3426 omnia,
991 3347 1150 3440 [domine
1177 3369 1309 3434 semper

405 3454 496 3518 bona
511 3448 616 3540 creas]
629 3452 652 3519 ⁶.

702 3550 764 3615 Ad
781 3551 1009 3634 complendum.

451 3678 584 3756 Praesta,
614 3698 802 3761 quesumus,
831 3677 966 3742 domine
1000 3677 1081 3742 deus
1119 3686 1239 3751 noster,
1270 3684 1308 3740 ut

405 3778 497 3842 cuius
506 3777 602 3842 nobis
612 3777 792 3842 sestiuitate
801 3779 915 3842 uotiua
926 3785 1003 3842 sunt
1015 3785 1231 3853 sacramenta,
1237 3774 1307 3840 eius

404 3875 561 3942 salutaria
576 3876 671 3942 nobis
687 3876 920 3941 intercessione
935 3876 1126 3940 reddantur.
1153 3875 1239 3940 Pers

428 4109 541 4175 dotem
554 4109 609 4174 tir.
636 4107 749 4175 Natslr
762 4111 930 4174 satutem
944 4107 1105 4173 uilissimi
1120 4111 1147 4169 rt
1161 4107 1282 4188 agapiti.

448 4245 550 4322 Deus,
565 4243 622 4327 qui
638 4265 699 4308 nos
717 4244 871 4310 concedis
886 4251 1070 4324 martyrum
1088 4249 1221 4306 tuorum
1236 4241 1305 4306 ieli-

405 4344 528 4409 cissimi
554 4353 588 4408 et
613 4343 738 4426 agapiti
765 4342 916 4408 natalitia
943 4341 1061 4418 colere,
1085 4341 1129 4406 da
1152 4341 1248 4406 nobis
1271 4341 1306 4405 in

404 4454 517 4528 eterna
532 4443 638 4527 letitia
652 4443 696 4507 de
711 4462 824 4508 eorum
842 4441 1001 4507 societate
1016 4441 1172 4524 gaudere.
1209 4439 1294 4505 Pent

784 4611 926 4678 Secreta.

448 4739 588 4805 Munera
605 4738 675 4818 tibi,
691 4738 836 4812 domine,
854 4747 976 4803 nostrae
994 4733 1183 4801 deuotionis
1197 4733 1305 4799 oileri-

404 4860 487 4916 mus,
502 4860 578 4923 quae
601 4846 635 4903 et
657 4858 718 4922 pro
740 4847 871 4902 tuorum
893 4836 954 4902 tibi
976 4845 1072 4919 grata
1094 4833 1161 4897 sint
1182 4833 1307 4898 honore

402 4939 575 5015 iustorum,
599 4947 633 5001 et
658 4938 755 5003 nobis
777 4937 943 5014 salutaria,
966 4943 1002 5000 te
1025 4935 1210 5013 miserante,
1232 4936 1305 4999 red-

401 5040 532 5102 dantur.
579 5038 666 5103 Pera
1101 5023 1106 5033 ⁵

436 5231 446 5261 ¹
468 5243 487 5282 ψ
500 5231 656 5297 throughout
667 5229 801 5282 felicissimi
812 5236 838 5281 et
849 5229 955 5296 agapiti.
965 5229 999 5279 ll.

434 5307 446 5336 ²
463 5323 482 5361 ψ
495 5310 620 5375 praecipue
631 5311 659 5362 Z.
950 5308 961 5339 ¹
976 5308 1008 5358 Ο.
1020 5325 1045 5374 p.
1059 5307 1116 5370 328.
1128 5305 1155 5358 Ζ.

435 5385 446 5416 ⁴
462 5386 605 5438 Benedictio
622 5403 678 5440 uuae
694 5387 758 5442 Eod.
769 5387 801 5440 V.
814 5389 847 5445 Z;
864 5387 890 5438 in
901 5387 927 5439 S.
939 5387 965 5437 in
976 5387 1053 5438 Festo
1065 5383 1188 5450 Transfig.
1201 5386 1267 5450 Aug.
1278 5382 1303 5443 ⁶,

402 5465 573 5594 1”lilia
590 5543 653 5596 rus
665 5545 724 5597 sen.
732 5559 818 5597 occurs
829 5543 903 5612 agan
914 5541 1119 5596 wirinharium
1131 5539 1214 5592 antor.
1225 5539 1302 5606 291s.

1612 486 1698 575 ἐξ.
1716 488 1855 580 aaut,
1879 487 2023 581 unos

1662 687 1725 754 Ad
1741 685 1970 772 complendum.

1410 813 1535 879 Praesta
1549 815 1654 894 nobis,
1673 814 1816 896 domine,
1831 835 2019 898 quesumus,
2036 815 2267 881 intercedenti-

1364 912 1428 980 bus
1451 914 1576 980 sanctis
1600 916 1667 980 tuis
1688 914 1878 981 felicissimo
1900 923 1935 980 et
1963 917 2109 999 agapito,
2132 925 2170 982 ut
2191 937 2267 1000 quae

1364 1033 1423 1078 ore
1459 1014 1682 1100 contingimus
1718 1033 1802 1100 pura
1838 1023 1952 1080 mente
1980 1015 2160 1099 capiamus.
2204 1015 2268 1081 Per

1365 1113 1563 1182 dominum?

1445 1340 1537 1408 mit.
1550 1343 1589 1408 su.
1603 1360 1672 1423 seq.
1705 1342 1818 1408 Natali
1834 1343 1930 1410 sancti
1944 1344 2046 1408 runt
2062 1343 2187 1425 spismpi

1690 1442 1718 1500 rt
1734 1437 1909 1502 emittentis
1918 1437 1940 1499 ¹.

1408 1566 1510 1648 Deus,
1524 1577 1656 1634 tuorum
1676 1570 1782 1653 gloria
1804 1571 2023 1645 sacerdotum,
2040 1580 2171 1654 praesta,
2185 1590 2265 1653 que-

1364 1686 1489 1743 sumus,
1500 1677 1538 1732 ut
1553 1669 1657 1734 sancti
1670 1669 1862 1734 confessoris
1874 1667 2057 1755 (martyris)
2069 1680 2104 1735 et
2119 1669 2264 1753 episcopi

1364 1765 1413 1830 tui
1422 1766 1546 1846 donati,
1555 1769 1647 1833 cuius
1655 1769 1740 1834 lesta
1749 1771 1893 1854 gerimus
1902 1771 2083 1836 sentiamus
2092 1769 2265 1834 auxilium.

1365 1865 1427 1931 Per
1436 1865 1457 1933 ².

1744 1955 1886 2026 Secreta.

1407 2077 1540 2156 Praesta,
1551 2099 1738 2163 quesumus,
1749 2081 1938 2160 domitent
1949 2080 2054 2146 sancti
2066 2079 2262 2145 confessoris

1363 2173 1546 2263 (martyris)
1561 2180 1609 2242 tui
1625 2190 1659 2245 et
1679 2181 1826 2264 episcopi
1848 2181 1964 2244 donati
1985 2179 2147 2266 precibus,
2162 2201 2262 2264 quem

1362 2277 1406 2341 ad
1422 2277 1555 2342 laudem
1568 2281 1710 2343 nominis
1722 2281 1770 2344 tui
1781 2281 1899 2345 dicatis
1915 2280 2105 2345 muneribus
2120 2279 2262 2345 honora·

1364 2397 1446 2454 mus,
1463 2379 1529 2461 piae
1546 2378 1642 2443 nobis
1657 2380 1844 2445 deuotionis
1858 2380 1984 2447 imctus
1998 2381 2168 2445 adcrescat
2177 2378 2200 2445 ³.

1657 2554 1720 2619 Ad
1736 2555 1965 2638 complendum.

1405 2677 1537 2757 Votiua,
1547 2679 1692 2757 domine,
1704 2681 1801 2759 dona,
1810 2701 1886 2764 quae
1898 2701 1959 2764 pro
1967 2679 2057 2744 beati
2069 2678 2263 2744 confessoris

1363 2787 1398 2844 et
1420 2780 1566 2862 episcopi
1589 2780 1636 2843 tui
1659 2780 1774 2846 donati
1797 2779 2021 2844 sollemnitate
2047 2780 2261 2863 percepimus,

1361 2898 1550 2960 quesumus,
1573 2888 1610 2943 ut
1640 2879 1710 2943 eius
1739 2880 1894 2963 precibus
1919 2889 1954 2943 et
1979 2879 2140 2963 presentis
2166 2879 2262 2943 nobis

1362 2978 1440 3042 uitae
1451 2979 1574 3062 pariter
1585 2985 1620 3043 et
1632 2989 1756 3045 aeterne
1765 2980 1892 3044 tribuas
1906 2977 2055 3045 conferre
2066 2978 2261 3044 subsidium.

1362 3077 1425 3143 Per
1433 3076 1459 3142 ⁴.

1427 3294 1496 3363 Μ.
1511 3297 1549 3362 rh.
1563 3311 1631 3376 sup.
1665 3296 1888 3364 maturuerunt
1908 3297 2008 3378 qristl
2021 3297 2158 3378 nectutis
2168 3297 2188 3361 ⁸.

1404 3428 1506 3508 Deus,
1521 3430 1577 3513 qui
1593 3449 1654 3494 nos
1669 3450 1779 3495 annua
1793 3430 1884 3496 beati
1901 3429 2021 3512 cyriaci
2037 3429 2190 3512 martyris
2213 3429 2259 3493 tui

1360 3525 1604 3613 (sociorumque
1627 3526 1712 3615 eius)
1737 3529 1985 3614 sollempnitate
2007 3528 2163 3609 laetificas,
2185 3549 2259 3593 con-

1359 3628 1441 3694 cede
1455 3627 1618 3712 propitius
1631 3640 1668 3694 ut
1679 3630 1771 3693 cuius
1783 3629 1933 3695 natalitia
1944 3629 2092 3708 colimus,
2104 3629 2259 3693 uirtutem

1359 3747 1492 3811 quoque
1507 3727 1669 3810 passionis
1684 3729 1860 3794 imitemur.
1906 3729 1969 3793 Per
1983 3728 2179 3792 dominum.t

1738 3904 1880 3970 Secreta.

1401 4027 1555 4112 Accepta
1574 4025 1618 4093 sit
1640 4029 1673 4093 in
1696 4039 1875 4113 conspectu
1898 4038 1968 4105 tuo,
1984 4028 2129 4104 domine,
2149 4036 2260 4092 nostra

1358 4129 1502 4204 deuotio,
1518 4139 1552 4194 et
1575 4128 1645 4192 eius
1660 4125 1802 4215 (eorum)
1821 4128 1917 4193 nobis
1939 4127 1999 4194 fiat
2021 4126 2260 4211 supplicatione

1357 4227 1518 4307 salutaris,
1547 4247 1609 4311 pro
1638 4229 1729 4292 cuius
1755 4226 1925 4313 (quorum)
1952 4225 2177 4292 sollemnitate
2203 4225 2259 4290 de-

1357 4326 1469 4394 fertur.
1515 4328 1603 4391 Pers
2352 4319 2356 4328 ’

1865 4529 1893 4570 v.
1904 4518 1971 4567 Tota
1981 4515 2024 4567 die
2034 4514 2174 4566 meditatio.

1867 4607 1911 4646 ar..
1921 4595 2007 4646 Inueni
2019 4593 2105 4644 dauid.

1866 4685 1910 4724 00.
1922 4673 2017 4726 Fidelis
2027 4687 2122 4724 seruus.

1391 4517 1399 4548 ¹
1415 4530 1442 4568 Λ.
1455 4519 1492 4569 Os
1503 4517 1560 4567 iusti
1572 4515 1740 4567 meditabitur.

1415 4607 1452 4646 rs,
1462 4595 1525 4646 Noli
1536 4594 1647 4646 emulari

1415 4687 1440 4726 r.
1452 4675 1536 4724 Iustus
1546 4689 1597 4723 non
1607 4671 1779 4725 confundetur.

1389 4751 1400 4784 ¹
1416 4752 1473 4804 Gel.
1485 4769 1510 4818 p.
1522 4750 1580 4816 ⁶⁵9-

1389 4831 1400 4862 ⁸
1416 4833 1455 4883 Ib.
1475 4831 1526 4882 For
1538 4831 1589 4881 this
1605 4830 1696 4882 Secret.
1712 4831 1736 4882 Y
1753 4828 1913 4882 substitutes:
1939 4830 2107 4896 Omnipotens
2124 4839 2149 4881 et
2167 4831 2258 4882 miseri-

1357 4927 1412 4962 cors
1423 4912 1491 4972 deus,
1504 4910 1547 4975 qui
1558 4924 1604 4958 uos
1617 4916 1827 4959 sacramentorum
1838 4915 1946 4967 tuorum,
1958 4917 1983 4960 et
1995 4909 2129 4974 participes
2143 4907 2219 4959 efficis
2233 4917 2258 4959 et

1358 4989 1493 5048 ministros,
1503 4994 1594 5052 presta,
1603 4993 1638 5046 ut,
1650 4985 1815 5037 intercedente
1826 4987 1901 5037 beato
1912 4993 2020 5053 manyre
2031 4994 2076 5036 tuo
2091 4994 2166 5052 atque
2177 4988 2258 5054 ponti·

1357 5065 1403 5118 fiee
1411 5067 1513 5128 donato,
1521 5065 1613 5116 eisdem
1622 5064 1779 5132 proficiamus
1790 5071 1815 5118 et
1824 5063 1882 5117 fidei
1890 5067 2017 5118 consortio
2027 5071 2053 5116 et
2060 5065 2138 5130 digno
2149 5065 2256 5117 seruitio.

1357 5145 1411 5195 Per.

1387 5223 1397 5254 ⁴
1415 5224 1462 5280 Ib..
1473 5221 1536 5274 with
1548 5221 1634 5274 verbal
1645 5221 1790 5274 variatione.

1389 5303 1399 5335 ⁸
1415 5315 1441 5354 Α.
1452 5301 1550 5352 Timete
1560 5300 1698 5351 dominum.

1413 5392 1450 5432 PS.
1462 5379 1610 5431 benedicam
1621 5378 1733 5432 domino.

1413 5472 1439 5510 r.
1450 5459 1549 5509 Timete
1559 5457 1698 5508 dominum.

1413 5548 1439 5590 ν.
1450 5536 1613 5603 Inquireutes.

1865 5311 1909 5353 nu.
1921 5299 2084 5352 Exulubnnt.

1865 5389 1908 5428 or.
1918 5377 2051 5428 Iaemmint

1864 5455 2059 5522 cosigureos.
