5122 6610
393 608 481 697 ὦῶ.
500 535 662 706 brunsii,
680 612 736 687 itt
764 611 888 690 dunt.
905 612 1024 706 apost,
1308 653 1312 661 ·
1359 609 1445 698 ὦῶ.
1464 611 1517 690 ir.
1535 610 1702 704 fraitun.
1734 609 1781 696 ᾖ.
1799 609 1972 688 armiati.
2046 631 2115 710 149

259 808 380 878 fallatia
394 810 520 877 uiolari.
565 811 612 878 Et
633 812 719 879 sicut
741 813 822 879 nihil
844 811 878 878 in
901 834 979 878 uera
992 810 1160 896 'religione
1212 819 1249 876 ut
1263 820 1322 877 tuo
1337 811 1403 879 sint
1419 812 1521 896 digna
1531 811 1731 898 conspectui,
1741 810 1966 896 apostolorum
1983 819 2114 876 tuorum

261 933 388 977 manere
411 912 601 992 dinoscitur,
615 915 707 996 quod
723 933 791 978 non
815 914 885 978 eius
907 913 1070 978 condierit
1091 912 1158 977 dis·
1211 912 1378 995 poscimus
1392 913 1546 998 precibus
1560 911 1718 978 adiuuari.
1757 911 1864 977 Perta

260 1011 385 1095 ciplina,
408 1012 455 1076 ita
481 1012 525 1076 ad
552 1013 743 1095 peragenda
769 1034 808 1077 ea
838 1032 914 1095 quae
940 1012 1062 1091 docuit,
1089 1011 1159 1075 eius

259 1111 402 1189 obtentu,
417 1110 583 1174 tribuatur
604 1112 756 1176 efficatia.
803 1110 1001 1194 Sentiatque
1021 1112 1158 1176 creden·
1507 1101 1570 1168 Ad
1587 1101 1817 1185 complendum.

259 1212 338 1275 tium
369 1211 549 1276 multitudo
578 1211 730 1293 gentium
755 1231 832 1275 eum
861 1231 922 1294 pro
951 1232 987 1276 se
1010 1211 1100 1294 apud
1125 1221 1158 1275 te
1255 1203 1404 1287 protege,
1431 1203 1574 1279 domine,
1603 1202 1766 1286 populum
1790 1211 1894 1280 tuum,
1921 1209 1956 1266 et
1981 1209 2115 1284 aposto·

259 1311 503 1375 intercessorem
519 1329 619 1392 quem
641 1309 765 1376 habere
784 1310 940 1392 cognouit
964 1310 1158 1392 magistrum
1211 1302 1318 1368 lorum
1341 1313 1474 1369 tuorum
1497 1303 1680 1387 patrocinio
1703 1301 1927 1368 confidentem
1954 1309 2116 1386 perpetua

258 1420 365 1493 atquae
403 1409 585 1475 doctorem·
653 1409 716 1477 Per
751 1407 943 1496 (christum)
985 1409 1158 1474 dominum
1211 1403 1404 1469 defensione
1418 1423 1585 1468 conserua.
1631 1402 1720 1467 Per*

259 1519 414 1580 nostruin.

556 1593 619 1659 Ad
628 1595 858 1678 complendum.

299 1720 474 1805 Perceptis,
488 1719 633 1797 domine,
646 1720 868 1799 sacramentis,
877 1720 984 1785 beatis
998 1719 1158 1804 apostolis

258 1821 557 1898 intemenientibns‚
572 1821 796 1904 deprecamur,
809 1829 846 1885 ut
861 1841 937 1903 quae
952 1820 1158 1904 proillorum
1255 1796 1389 1875 Praesta,
1414 1814 1603 1879 quesumus,
1630 1792 1840 1876 ΟῙΜῙΡΟῗθηε
1869 1791 1960 1872 deus,
1990 1800 2027 1857 Ui
2057 1791 2114 1874 qui

258 1921 420 1986 celebrata
441 1931 519 1986 sunt
541 1921 655 2003 gloria,
671 1921 767 1989 nobis
787 1919 961 2006 proficiant
981 1920 1024 1984 ad
1045 1920 1158 1985 mede·
1210 1895 1371 1979 81Οῆῡὸθῦ
1393 1903 1556 1978 martyres
1578 1893 1612 1956 5¹¹
1641 1901 1700 1957 tua
1725 1891 1931 1956 ⁶⁰¹¹f⁶⁸⁸lO¹¹⁸
1956 1891 2113 1976 00g¹¹⁰¹¹l·

258 2022 348 2086 lama
1212 2017 1294 2072 mus,
1318 1995 1391 2078 pios
1416 1995 1506 2079 apud
1531 2003 1566 2058 te
1589 1993 1624 2056 in
1648 1999 1762 2056 nostra
1783 1991 2017 2057 intercessione
2039 2011 2114 2057 sen-

1211 2096 1341 2159 tiamus.
1387 2095 1475 2160 Per.t

1593 2178 1732 2244 Secreta.

425 2375 427 2380 .
471 2374 479 2390 ,
1092 2372 1102 2389 ,
1255 2305 1430 2373 Sacrificiis
1451 2305 1668 2388 presentibus,
1692 2301 1834 2383 domine,
1855 2320 2042 2387 quesumus,
2064 2300 2114 2363 in-

298 2376 400 2491 Dffuf'
423 2395 480 2489 ‘lm
504 2395 564 2438 ¹¹⁰⁸
591 2381 781 2489 lanfwmm
801 2381 1102 2489 t¹,¹⁰‘,¹¹¹¹¹‚p¹⁰⁰⁶⁵⁸¹
1125 2381 1159 2438 ‘t
1211 2409 1313 2472 tende
1338 2405 1497 2489 placatus,
1523 2413 1565 2483 et,
1587 2403 1867 2468 intercedentibus
1893 2400 2015 2466 sanctis
2039 2400 2115 2478 tuis,

259 2485 443 2541 martiniani
465 2472 725 2539 confessionibus
747 2471 899 2555 gloriosis
923 2475 1107 2538 circumdas
1125 2482 1159 2539 et
1211 2505 1379 2571 deuotioni
1396 2513 1517 2569 nostrae
1531 2502 1705 2588 proficiant
1720 2510 1754 2568 et
1777 2501 1886 2566 saluti·
1931 2498 1995 2564 Per
2008 2499 2116 2564 domi·

258 2576 409 2660 protegis,
426 2575 470 2638 da
492 2573 589 2638 nobis
607 2583 641 2641 et
663 2593 778 2637 eorum
801 2572 986 2638 imitatione
1001 2572 1159 2655 proficere
1212 2618 1318 2669 num,

259 2687 289 2741 et
321 2674 556 2748 intercessione
588 2672 742 2757 gaudere.
800 2673 862 2738 Per
894 2672 1067 2738 dominum
1101 2693 1160 2738 no·
1296 2655 1303 2672 ’
1577 2686 1751 2770 Proesatio.

258 2787 385 2842 struma

1340 1661 1398 1729 Μ
1411 1663 1450 1726 ib.
1464 1661 1517 1726 iiii
1551 1660 1730 1725 Stournoi
1751 1659 1810 1723 bit
1830 1659 1988 1724 fratrum&

296 2242 363 2311 dl.
377 2259 446 2308 riori
460 2242 512 2307 rui
549 2240 720 2308 Saunium
733 2241 861 2322 processi
876 2246 905 2304 it
918 2241 1087 2305 martiniani
1095 2244 1115 2307 ¹.

1256 2815 1300 2882 U.
1318 2816 1360 2880 D.
1376 2823 1500 2880 aeterne
1515 2814 1609 2879 deus.
1654 2813 1782 2877 Donari
1806 2810 1902 2876 nobis
1924 2809 2117 2894 suppliciter

1211 2925 1389 2983 exorantes
1419 2924 1455 2981 ut
1486 2914 1571 2979 sicut
1600 2913 1705 2978 sancti
1732 2912 1782 2978 tui
1808 2910 1969 2976 mundum
1996 2911 2029 2973 in
2056 2918 2116 2973 tua

298 2985 445 3101 Susfipe’
467 2983 613 3100 ‚⁶⁰me
640 3003 767 3098 preces,
786 2992 820 3048 et
846 3003 991 3062 ΝΜ
1016 3002 1091 3067 ‘¹¹¹ae
1122 2990 1159 3048 ut
1211 3016 1333 3080 uirtute
1355 3015 1514 3093 uicerunt,
1530 3015 1576 3077 ita
1600 3013 1696 3077 nobis
1715 3033 1736 3077 a
1754 3011 1931 3076 mundanis
1953 3008 2116 3074 erroribus

258 3095 313 3151 tuo
344 3095 412 3150 sint
441 3086 543 3168 digna
577 3091 777 3167 conspectui,
808 3092 996 3148 sanctorum
1027 3092 1159 3148 tuorum
1211 3114 1379 3200 postulent
1396 3114 1558 3197 expediri·
1604 3113 1698 3178 Per³.
1758 3112 1760 3116 .

259 3185 407 3270 precibus
421 3185 625 3250 adiuuemur·
664 3184 748 3248 Per!

635 2858 776 2924 Secreta.

1508 3291 1571 3357 Ad
1587 3290 1817 3376 complendum.
1913 3230 1926 3250 υ

1255 3421 1455 3506 Quesumus,
1470 3419 1683 3502 omnipotens
1698 3419 1790 3496 deus,
1807 3427 1845 3482 ut
1860 3416 1947 3482 illius
1963 3412 2116 3480 salutaris

1211 3524 1380 3606 capiamus
1403 3520 1570 3596 affectum,
1587 3519 1678 3585 cuius
1699 3539 1760 3602 per
1780 3517 1853 3582 haec
1870 3515 2027 3601 mysteria
2042 3513 2114 3596 pig-

1212 3643 1274 3686 nus
1290 3622 1487 3705 accepimus.
1527 3620 1613 3685 Per.⁷

559 3357 621 3424 Ad
630 3357 857 3442 complendum.

299 3485 457 3571 Corporis
486 3485 570 3551 sacri
600 3494 634 3550 et
669 3485 808 3568 preciosi
843 3481 1011 3568 sanguinis
1042 3481 1159 3566 repleti

258 3586 421 3665 libamine,
436 3606 625 3668 quesumus,
636 3585 772 3649 domine
788 3585 869 3649 deus
885 3594 1004 3662 noster,
1017 3594 1054 3648 ut
1069 3583 1159 3666 quod

258 3689 311 3770 pia
325 3687 504 3774 deuotione
515 3686 660 3769 gerimus
671 3694 762 3750 certa
773 3679 1038 3772 rede[m]ptione
1049 3682 1158 3766 capia·

331 3836 338 3851 .
449 3799 471 3850 ‚r
1253 3815 1255 3819 ·

260 3809 329 3853 mus
384 3786 447 3852 Per
1265 3877 1313 3944 Θ.
1326 3878 1365 3942 ib.
1379 3877 1431 3942 inl
1466 3875 1642 3942 &tanslatio
1656 3873 1752 3940 eundi
1766 3871 1903 3938 bmibirtt
1916 3869 2031 3934 obtutis
2039 3870 2061 3930 ⁴.

494 3975 536 4042 ll
551 3981 674 4042 “illm
690 3975 888 4058 llllillmm
898 3976 919 4040 ¹·
1254 4013 1502 4077 Iurencussio
1518 4021 1597 4089 uos,
1607 4020 1821 4087 Quusuuus,
1835 4016 1992 4083 DOMINE,
2005 4013 2117 4066 nunu

299 4113 401 4187 Deus,
425 4111 516 4176 culus
534 4107 705 4196 de(x)tera
725 4109 862 4173 beatum
884 4117 1017 4192 petmm
1043 4107 1159 4172 ambu-
1212 4112 1392 4177 BENEdicti
1417 4111 1549 4175 abbatis
1576 4109 1798 4187 commendet,
1820 4115 1858 4171 ut
1883 4103 1973 4187 quod
1996 4102 2116 4166 nostris

261 4211 384 4277 lantem
414 4211 448 4274 in
477 4210 640 4289 fluctibus,
670 4230 713 4274 ne
742 4218 952 4292 mergeretur,
976 4207 1093 4286 erexit,
1126 4217 1160 4272 et
1212 4213 1339 4277 meritis
1354 4231 1420 4276 non
1436 4209 1586 4275 ualemus
1608 4208 1679 4273 eius
1693 4205 1878 4290 patrocinio
1893 4220 2116 4285 assequamur.

260 4312 488 4396 coapostolum
513 4312 582 4375 eius
606 4308 750 4394 paulum,
776 4310 874 4373 tertio
899 4306 1161 4389 naufragantem,
1213 4313 1276 4376 Per
1285 4312 1307 4377 ⁶.

260 4414 300 4476 de
326 4410 492 4495 profundo
521 4409 631 4494 pelagi
656 4407 817 4488 liberauit,
843 4406 965 4472 exaudi
995 4426 1056 4470 nos
1085 4426 1160 4489 pro·

259 4512 367 4594 pitius,
378 4521 412 4576 et
424 4510 578 4588 concede,
588 4519 625 4573 ut
636 4508 810 4573 amborum
827 4506 951 4571 meritis
966 4504 1160 4570 aeternitatis
1246 4553 1289 4605 ,ᾧ
1305 4552 1381 4619 Praef
1373 4553 1433 4604 am·
1450 4552 1482 4603 U.
1494 4551 1528 4600 1).
1540 4555 1632 4602 eterne
1647 4549 1718 4600 deus.
1751 4549 1785 4598 E,
1801 4547 1956 4598 muesutem
1972 4553 2042 4594 ,um
2060 4557 2117 4607 sup

259 4613 398 4694 gloriam
412 4629 661 4693 consequamur·
706 4609 769 4672 Pes
786 4609 983 4674 dominum-⁷
1213 4632 1274 4699 plici
1287 4630 1421 4682 deuotione
1437 4645 1546 4690 exorare,
1560 4639 1588 4678 ut
1600 4629 1731 4680 beatorum
1748 4625 1921 4692 apostolorum
1937 4632 2036 4674 tuorum
2052 4621 2118 4686 petri

1212 4719 1238 4762 et
1254 4711 1323 4776 pauli
1338 4725 1444 4775 quorum
1459 4707 1535 4758 hodie
1552 4707 1619 4757 diem
1638 4711 1757 4756 octauum
1772 4705 1926 4756 celebramus
1943 4702 2055 4758 obtentu,
2067 4713 2119 4746 me-

639 4779 780 4847 Secreta.
1212 4805 1311 4841 reamm
1328 4794 1398 4838 tuum
1418 4785 1530 4837 obtinere
1550 4784 1680 4835 auxilium.
1722 4785 1769 4840 Per
1786 4782 1906 4832 christum
1928 4778 2058 4829 dominum
2074 4791 2118 4826 no

301 4907 482 4976 Offerimus
497 4906 568 4984 tibi,
587 4908 731 4988 domine,
746 4927 861 4991 preces
877 4917 911 4972 et
927 4925 1071 4983 munera,
1086 4923 1161 4986 quae
1213 4876 1300 4996 ’Ἣ
1311 4867 1431 5005 ἔξω,
1444 4943 1522 5009 pueri.
1723 4950 1768 4992 ii.
1779 4936 1900 4998 Laudiie,
1913 4933 1992 5002 pueri·

1270 5035 1308 5074 rs.
1319 5023 1358 5074 sit
1368 5037 1459 5072 nomen
1470 5019 1573 5072 domini.
1724 5029 1768 5067 οῖ.
1780 5017 1872 5066 Anima
1883 5021 1975 5064 nostia.

291 5101 299 5129 ¹
315 5113 342 5152 n.
354 5099 470 5151 Indicant
481 5099 561 5150 sancti
573 5106 666 5164 gentes
768 5109 812 5150 Ab.
824 5097 949 5148 Mirabilis
961 5095 1085 5148 dominus.
1271 5115 1296 5153 a,
1308 5101 1402 5151 Anime
1413 5106 1506 5152 nostre.
1723 5107 1791 5147 coir.
1804 5095 1959 5159 Quicumque
1971 5090 2064 5142 leoerit.

314 5191 352 5229 es.
365 5177 492 5234 Exultate
503 5177 570 5227 iusti.
767 5187 811 5226 ον.
823 5175 1013 5226 Gloriabuntur.
1270 5193 1296 5232 v,
1307 5181 1431 5244 Laqueus.

314 5269 341 5309 ii.
353 5256 507 5307 Exultubunt
519 5255 606 5309 sancti.
769 5266 813 5305 c0.
825 5253 919 5303 Anima
931 5260 1023 5304 nostre.
1130 5259 1137 5276 ·
1245 5258 1256 5289 ¹
1271 5259 1303 5310 O.
1315 5273 1340 5322 p.
1354 5256 1409 5320 326.
1421 5257 1448 5307 Z.
1722 5251 1732 5281 ⁴
1748 5249 1842 5302 Introd.
1857 5256 1869 5311 ς
1885 5263 1924 5298 ai.

201 5331 205 5340 '
313 5347 341 5388 v.
354 5335 460 5384 Caritate
470 5333 581 5386 domino.
1245 5339 1255 5370 ⁸
1271 5338 1296 5388 S.
1308 5337 1340 5386 Y.
1352 5335 1396 5388 iol.
1409 5348 1453 5385 101
1463 5350 1487 5385 a.
1498 5334 1526 5383 Z.

289 5425 515 5490 ’asapieniiem
768 5421 908 5474 austindi
921 5420 966 5482 tui,
979 5419 1087 5474 domine.
1278 5427 1305 5466 Α.
1317 5415 1401 5466 Iustus
1411 5419 1439 5464 ut
1451 5412 1544 5478 palma.
1661 5409 1667 5708 Ι
1720 5419 1767 5460 Αι.
1778 5405 1864 5457 Iustus
1875 5412 1902 5456 ut
1914 5404 2008 5471 palma.

314 5517 351 5555 Psi
362 5503 418 5570 Celi
429 5509 550 5554 sumant.
767 5513 810 5552 or.
822 5499 985 5550 Exultabuut.
1277 5505 1316 5544 rs,
1328 5493 1426 5542 &num
1438 5497 1482 5541 est.
1670 5495 1674 5504 ·
1723 5497 1767 5537 on.
1779 5485 1887 5537 Ueritas.

314 5596 341 5634 ii.
354 5583 479 5632 Iustorum
490 5581 588 5632 animae.
766 5591 809 5632 co,
821 5580 953 5629 Iustorum.
1279 5581 1305 5620 ti.
1317 5569 1434 5631 Domine,
1447 5567 1556 5635 preueoi.
1724 5577 1768 5617 ce.
1785 5566 1867 5614 Amen
1884 5561 1941 5612 dico
1958 5561 2032 5612 uobis
2051 5561 2120 5626 qnod

313 5673 341 5713 ν.
354 5660 409 5711 Uisi
421 5665 486 5709 sunt.
1277 5661 1304 5701 V.
1318 5648 1405 5700 Uitam
1416 5647 1497 5714 petiit.
1798 5658 1844 5694 uos
1855 5640 1898 5709 qni
1909 5640 2051 5706 reliquistis.
