5124 6608
653 592 753 687 feris
771 592 813 666 u‘.

588 793 649 858 Ad
658 791 886 876 compbndum.

333 919 445 987 Gratia
467 930 526 985 tua
548 941 617 998 nos,
633 939 822 1003 quesumus,
841 918 983 991 domine,
1007 937 1073 983 non
1096 918 1189 982 dere·

291 1019 426 1104 linquat,
438 1041 515 1104 quae
529 1021 624 1085 nobis
637 1040 735 1104 opem
752 1038 884 1101 semper
897 1019 1060 1101 adquirat.
1092 1018 1177 1082 Perr

621 1211 851 1294 Adpopulum.

329 1339 470 1414 Adesto,
498 1340 641 1416 domine,
667 1337 799 1402 famulis
828 1337 906 1413 tuis,
930 1346 964 1402 et
993 1345 1187 1420 perpetuam

287 1439 525 1523 benignitatem
548 1439 666 1522 largire
688 1437 907 1520 poscentibus,
931 1447 968 1501 ut
989 1437 1041 1500 his
1064 1438 1131 1520 qui,
1154 1447 1188 1503 te

286 1550 418 1605 auctore
434 1551 468 1606 et
483 1541 713 1624 gubernatore,
728 1537 919 1622 gloriantur,
935 1547 968 1603 et
987 1547 1188 1622 congregata

287 1650 456 1719 restaures,
471 1651 506 1704 et
522 1649 704 1705 restaurata
719 1658 904 1703 conserues.
950 1637 1036 1703 Per.t

660 1916 749 1990 tuta
768 1918 817 1981 bi.¹

549 2062 610 2126 Ad
621 2073 769 2128 sanctum
784 2063 927 2128 uitalem.

330 2187 391 2266 Da,
407 2207 597 2271 quesumus,
614 2189 825 2272 omnipotens
848 2190 937 2268 deus,
953 2198 990 2253 ut
1011 2209 1105 2254 sacro
1128 2210 1188 2254 nos

288 2287 480 2373 purificante
501 2287 632 2366 ieiunio,
653 2289 787 2354 sinceris
812 2289 986 2367 mentibus,
1006 2289 1051 2353 ad
1075 2299 1189 2354 sancta

288 2398 423 2452 uentura
437 2385 539 2452 facias
553 2389 733 2470 peruenire.
779 2389 842 2455 Per
856 2389 1053 2454 dominumr

667 2582 808 2648 Secreta.

329 2707 414 2772 Haec
436 2707 469 2770 in
493 2707 588 2771 nobis
610 2707 776 2784 sacrificia,
793 2709 886 2787 deus,
904 2717 938 2772 et
960 2709 1092 2774 actione
1113 2729 1186 2794 per-

288 2816 451 2885 maneant,
464 2815 499 2871 et
514 2807 707 2890 operatione
722 2806 900 2873 firmentur.
946 2809 1031 2874 Ρετ.γ

650 2999 825 3083 prosatio.

329 3123 373 3190 U·
397 3124 441 3190 D.
457 3133 581 3189 aeteme
604 3126 695 3189 deus
741 3123 808 3208 Qui
831 3125 1060 3208 delinquentes
1082 3127 1189 3209 perire

285 3245 348 3290 non
371 3225 502 3307 pateris¹
520 3224 580 3288 sed
595 3234 633 3290 ut
654 3226 698 3289 ad
721 3236 756 3291 te
776 3235 1010 3291 conuertantur
1024 3234 1059 3291 et
1073 3227 1189 3291 uiuant

283 3324 432 3390 hortaris.
478 3323 648 3389 Poscimus
671 3325 784 3407 itaque
806 3326 966 3407 pietatem
989 3334 1091 3403 tuam,
1108 3335 1146 3390 ut
1167 3346 1189 3390 a

283 3425 426 3506 peccatis
453 3425 573 3490 nostris
602 3434 668 3489 tuae
699 3425 883 3490 seueritatis
907 3425 1093 3508 suspendas
1116 3425 1187 3489 uin-

283 3524 415 3602 dictam,
439 3532 474 3587 et
496 3523 591 3588 nobis
613 3533 764 3606 optatam
788 3525 1042 3590 misericorditer
1063 3526 1188 3590 tribuas

283 3625 423 3700 ueniam,
459 3623 534 3688 Nec
566 3623 779 3707 iniquitatum
813 3633 999 3688 nostrarum
1027 3623 1187 3689 moleste²

282 3732 441 3809 prouocet
463 3723 506 3787 ad
530 3721 701 3800 ultionem,
724 3723 781 3788 sed
807 3723 915 3787 ieiunii
941 3725 1129 3789 obseruatio
1153 3735 1186 3788 et

283 3841 410 3886 momm
427 3822 618 3888 emendatio
634 3832 668 3888 te
683 3821 794 3887 flectat
815 3823 858 3886 ad
881 3834 1091 3906 peccatorum
1109 3844 1184 3888 nos·

281 3931 406 3986 trorum
422 3922 659 3988 remissionem.
705 3922 768 3987 Per
783 3922 941 3988 christum
951 3922 974 3987 ³.

583 4113 645 4178 Ad
655 4113 881 4196 complendum.

325 4240 393 4306 Fac
415 4261 487 4316 nos,
511 4241 654 4316 domine,
678 4261 868 4324 quesumus,
890 4251 1028 4324 accepto
1050 4241 1186 4325 pignore

282 4341 397 4405 salutis
426 4351 559 4416 aeterne,
586 4341 633 4407 sic
662 4341 798 4406 tendere
827 4349 1053 4426 congruenter,
1080 4352 1118 4407 ut
1143 4343 1186 4406 ad

282 4462 355 4506 eam
385 4442 559 4526 peruenire
589 4443 763 4524 possimus.
817 4441 879 4507 Per
910 4442 1082 4506 dominum
1112 4462 1187 4506 nos-

282 4550 395 4607 trum.t

596 4640 703 4723 Super
711 4639 877 4724 populum.

325 4766 389 4840 Da,
416 4787 605 4850 quesumus,
632 4765 775 4841 domine,
803 4765 927 4849 populo
956 4774 1015 4830 tuo
1045 4765 1187 4830 salutern

284 4865 402 4930 mentis
424 4874 459 4930 et
480 4867 634 4950 corporis,
649 4875 687 4931 ut
708 4865 805 4930 bonis
824 4866 979 4948 operibus
996 4865 1187 4944 inherendo,

283 4974 340 5030 tua
354 4986 487 5049 semper
502 4976 667 5030 mereatur
681 4968 885 5050 protectione
901 4966 1044 5030 delendi.
1089 4965 1175 5030 Per.t

314 5187 323 5217 ¹
340 5200 366 5238 a
378 5190 435 5254 Ego
446 5195 530 5240 summ
542 5203 607 5240 cum.

343 5277 380 5318 1³⁵.
399 5265 506 5328 Exaudi,
529 5267 637 5330 domine,
660 5268 709 5319 ius·

412 5346 503 5396 titiam.

343 5436 369 5474 ι,
380 5424 423 5473 Ad
433 5423 563 5474 dominum
574 5425 642 5475 dum

342 5513 369 5554 ν.
382 5502 501 5563 Domine,
513 5503 599 5553 libera.

342 5591 386 5630 or.
397 5581 516 5642 Domine,
528 5582 554 5634 in
564 5580 690 5634 auxilim.

317 5657 327 5686 ¹
341 5657 457 5710 molestia
468 5665 493 5709 te
504 5659 537 5710 0.

792 5201 858 5240 conr.
871 5191 919 5251 Tu,
932 5191 1039 5250 domine,
1052 5190 1172 5240 seruabis.

794 5271 864 5334 (Luc.
876 5269 950 5322 Dixit
965 5268 1052 5335 ioseph
1070 5269 1186 5320 iratribus

891 5363 949 5398 suis

792 5436 836 5476 nv,
856 5425 928 5476 Dixit
950 5424 1033 5476 ihesus
1054 5424 1185 5491 discipulis

890 5504 984 5554 suiset
1001 5503 1081 5556 turbis
1100 5503 1184 5554 iudeo

891 5597 954 5639 rum.
965 5581 1175 5646 homoquidam).

757 5659 767 5690 ⁸
783 5659 816 5712 Ο.
828 5675 853 5724 p.
866 5672 921 5722 30³·

1494 595 1660 680 §abbata
1685 596 1825 673 Domiti.
1841 599 1892 702 tt
2099 603 2142 674 81

1615 791 1779 859 zethum.

1312 923 1424 989 Statio
1438 924 1486 988 ad
1496 936 1622 990 sanctos
1637 927 1861 992 marcellinum
1875 937 1908 990 et
1913 926 2081 1010 paulum².

1285 1049 1349 1128 Da,
1371 1070 1558 1133 quesumus,
1580 1052 1724 1131 domine,
1744 1055 1864 1118 nostris
1888 1055 2043 1120 ellectum
2068 1055 2147 1120 ieiu-

1241 1148 1302 1213 niis
1325 1148 1511 1228 salutarem,
1527 1160 1564 1216 ut
1587 1153 1761 1236 castigatio
1784 1153 1891 1218 carnis
1913 1165 2084 1238 assumpta
2102 1156 2146 1220 ad

1241 1259 1426 1314 nostrarum
1469 1251 1714 1334 uegetationem
1761 1262 1908 1318 transeat
1950 1254 2146 1319 animarum.

1241 1347 1326 1412 Pers

1625 1438 1765 1504 Secreta.

1284 1559 1350 1624 His
1379 1561 1553 1640 sacrificiis,
1580 1563 1722 1640 domine,
1751 1565 1896 1629 concede
1926 1564 2077 1648 placatus
2108 1574 2146 1629 ut

1239 1661 1296 1742 qui
1318 1663 1458 1745 propriis
1480 1683 1612 1728 oramus
1634 1664 1763 1728 absolui
1785 1665 1914 1730 delictis
1938 1687 2005 1730 non
2028 1685 2145 1750 graue·

1240 1780 1313 1824 mur
1329 1763 1486 1827 externis.
1532 1764 1620 1828 Per.t

1607 1912 1781 1996 Proefatio.

1285 2037 1330 2102 U.
1346 2038 1389 2103 D.
1405 2050 1528 2105 aeterne
1543 2039 1634 2104 deus.
1670 2038 1890 2105 Inluminator
1904 2050 1938 2105 et
1954 2041 2146 2125 redemptor

1240 2137 1424 2202 animarum
1442 2149 1637 2217 nostrarum,
1652 2139 1708 2223 qui
1725 2160 1785 2205 nos
1801 2161 1861 2224 per
1875 2141 2018 2223 primum
2034 2141 2144 2218 adam,

1240 2237 1449 2303 abstinentiae
1474 2238 1548 2322 lege
1575 2238 1707 2318 uiolata,
1731 2240 1897 2323 paradyso
1925 2240 2056 2320 eiectos,
2081 2241 2144 2304 sor·

1240 2338 1331 2402 tioris
1348 2338 1456 2402 ieiunii
1472 2340 1618 2404 remedio
1634 2340 1677 2404 ad
1693 2341 1830 2422 antique
1845 2339 1951 2422 patrie
1966 2339 2143 2405 beatitudi-

1241 2456 1315 2500 nem
1339 2439 1555 2521 pergratiam
1578 2438 1747 2518 reuocasti,
1772 2439 1911 2522 Nosque
1933 2439 1989 2523 pia
2013 2440 2145 2504 institu-

1239 2537 1329 2602 tione
1344 2537 1493 2612 docuisti,
1510 2537 1630 2620 quibus
1653 2539 1938 2603 obseruationibus
1961 2561 1981 2602 a
2000 2539 2145 2624 peccatis

1239 2639 1393 2702 omnibus
1407 2638 1592 2705 liberemur.
1638 2639 1700 2704 Per
1714 2639 1872 2705 christum
1883 2639 1905 2704 ³.

1540 2789 1602 2854 Ad
1614 2787 1840 2872 complendum.

1283 2914 1489 2982 Sacramenti
1513 2915 1570 2991 tui,
1595 2915 1737 2992 domine,
1761 2915 1874 2982 diuina
1895 2915 2013 2980 libatio
2042 2933 2144 2998 pene-

1238 3017 1335 3082 tralia
1365 3015 1468 3081 nostri
1498 3013 1606 3080 cordis
1633 3015 1793 3092 infundat,
1822 3024 1857 3081 et
1886 3015 1936 3080 sui
1966 3015 2143 3100 participes

1238 3125 1394 3200 potenter
1415 3115 1543 3182 efficiat.
1590 3114 1652 3180 Per
1673 3115 1871 3181 dominumr

1553 3264 1660 3349 Super
1667 3263 1833 3349 populum.

1283 3390 1459 3456 Familiam
1481 3401 1583 3465 tuam,
1608 3411 1797 3475 quesumus,
1822 3391 1965 3471 domine,
1987 3391 2143 3456 continua

1239 3493 1364 3576 pietate
1386 3492 1527 3570 custodi,
1546 3501 1584 3556 ut
1606 3512 1683 3574 quae
1705 3493 1739 3556 in
1764 3490 1835 3556 sola
1857 3511 1918 3574 spe
1939 3492 2056 3574 gratiae
2079 3510 2141 3555 cae-

1239 3590 1330 3658 lestis
1346 3593 1506 3668 innititur,
1520 3591 1644 3656 caelesti
1666 3592 1767 3656 etiam
1788 3589 1995 3676 protectione
2016 3591 2142 3655 munia-

1237 3701 1300 3756 tur.
1349 3690 1435 3756 Per.t
1490 3689 1751 3776 (Imploramus.)

1580 3850 1736 3915 Dominis
1755 3851 1807 3915 itt*

1346 3972 1407 4036 Ad
1417 3981 1565 4038 sarrctum
1580 3971 1781 4037 laurentium
1788 3971 1881 4055 soris
1895 3990 2037 4036 murum.

1282 4097 1480 4182 Quesumus,
1503 4099 1714 4180 omnipotens
1744 4099 1835 4172 deus,
1861 4107 1941 4162 uota
1968 4094 2142 4160 humilium

1749 4262 1793 4301 or.
1806 4250 1936 4302 inlumina

1749 4341 1816 4380 conr.
1828 4330 1936 4395 Oportet
1948 4336 1980 4390 te,
1993 4327 2038 4377 lili.

1750 4418 1821 4468 (tec.
1834 4406 1906 4456 Dixit
1913 4406 2015 4458 rebecca
2022 4404 2078 4454 filio
2085 4419 2138 4456 mro.

1750 4497 1795 4536 zv.
1819 4485 1908 4535 Homo
1930 4483 2030 4550 quidem
2052 4482 2142 4533 habuit

1846 4563 1910 4613 duos
1921 4561 2007 4624 filios).

1270 4250 1279 4281 ¹
1297 4263 1322 4303 Α.
1334 4251 1388 4302 Lex
1399 4249 1494 4300 domiui
1510 4249 1665 4315 inreprehen-

1370 4329 1457 4380 sibilis.

1299 4420 1336 4457 rs.
1348 4408 1412 4460 Caeli
1423 4415 1547 4457 enarrem.

1300 4499 1325 4537 rr.
1337 4487 1434 4537 Bonum
1445 4493 1482 4537 est
1493 4484 1614 4537 confiteri

1300 4577 1326 4616 v.
1338 4565 1380 4615 Ad
1392 4563 1596 4615 adnuntiandum.

1270 4640 1282 4671 ²
1298 4643 1399 4694 Petrum
1412 4643 1443 4693 V.

1271 4721 1281 4751 ⁸
1297 4723 1338 4774 An
1350 4721 1500 4770 Ambrosiau
1513 4719 1578 4770 Pref.
1590 4718 1687 4786 printed
1698 4719 1724 4772 iu
1736 4719 1829 4770 Parnel.
1842 4719 1939 4783 Liturg.
1953 4717 1979 4766 ii.
1992 4733 2006 4782 5
2009 4726 2048 4780 57.
2072 4717 2139 4766 Pm-

1230 4799 1308 4864 satio.
1343 4799 1377 4847 Et
1394 4807 1464 4848 tuam
1480 4798 1572 4862 iugiter
1587 4813 1691 4848 exorare
1707 4797 1871 4856 clementiam,
1890 4805 1918 4846 ut
1935 4804 2028 4848 mentes
2045 4801 2140 4844 nostras

1238 4893 1300 4941 quas
1316 4876 1439 4942 conspicis
1456 4875 1558 4926 terrenis
1575 4874 1704 4926 affectibus
1720 4876 1877 4940 praegrausri,
1895 4872 2084 4924 medicinalibus
2099 4871 2141 4922 tri·

1238 4955 1301 5008 buas
1317 4953 1414 5004 ieiuniis
1430 4955 1567 5015 exonemi,
1579 4961 1604 5004 et
1621 4967 1666 5022 per
1682 4951 1844 5004 afflictionem
1860 4967 1992 5018 corporum
2008 4951 2139 5017 proueniat

1237 5032 1311 5084 nobis
1321 5033 1398 5084 robur
1408 5033 1554 5084 animarum.
1588 5033 1643 5086 Per.
1661 5035 1689 5085 Ζ.

1269 5111 1279 5140 ⁴
1295 5123 1321 5162 Α.
1336 5109 1412 5161 Oculi
1422 5109 1479 5161 mei.

1297 5201 1333 5240 1²⁵.
1348 5189 1390 5239 Ad
1402 5196 1434 5249 te,
1446 5188 1556 5242 domine.

1297 5280 1322 5319 R.
1338 5267 1444 5332 Exurge,
1456 5267 1564 5318 domine.

1296 5357 1323 5397 v.
1338 5345 1368 5396 ln
1379 5345 1554 5397 conuertendo.

1296 5436 1340 5475 TR.
1355 5423 1398 5473 Ad
1409 5431 1433 5474 te
1444 5424 1534 5475 leuaui.

1296 5513 1322 5554 v.
1338 5503 1404 5553 Eece
1420 5502 1482 5552 sicut
1499 5501 1564 5552 oculi
1580 5517 1661 5553 seruo-

1368 5596 1430 5632 mm.

1298 5669 1323 5709 u.
1338 5658 1372 5708 Et
1382 5659 1447 5709 sicut
1458 5657 1526 5708 oculi
1537 5656 1640 5709 ancillae.

1748 5120 1775 5160 v.
1790 5108 1830 5160 Its
1841 5108 1907 5158 oculi
1919 5107 2003 5159 nostri.

1747 5199 1775 5240 v.
1789 5187 1914 5238 Miserere.

1747 5277 1790 5317 01².
1806 5266 1913 5316 Iustitire
1923 5264 2025 5315 domini.

1747 5355 1814 5395 conr.
1828 5345 1916 5394 Passer
1925 5343 2027 5394 inuenit.

1748 5423 1801 5486 (te.
1817 5423 1906 5472 Estote
1916 5421 2062 5472 imitatores.

1746 5512 1791 5552 w.
1806 5500 1867 5550 Erat
1879 5501 1961 5550 ihesus
1976 5498 2075 5550 elidens
2086 5497 2138 5548 doe·

1846 5578 1978 5641 monium).

1948 5765 1978 5815 M
