5116 6608
430 545 497 632 ²56
697 540 870 617 montana
895 539 928 614 ta
954 537 1099 634 palmis.

425 742 553 814 uoluisti,
569 751 597 803 et
614 741 663 821 qui
681 742 834 820 unigenito
847 749 898 801 tuo
916 739 1038 801 domino
1057 749 1159 801 nostro
1177 739 1327 801 hierosoli-

425 855 506 896 mam
517 837 684 914 properanti
695 854 800 915 pueros
811 837 965 896 ebreorum
976 853 1044 895 cum
1062 835 1149 895 ramis
1163 835 1325 913 palmamm

425 933 545 991 obuiam
565 932 724 1004 uenientes,
739 930 897 1006 laudesque
917 931 1107 990 concinentes
1128 946 1241 988 osanna
1254 947 1325 988 con-

426 1044 543 1103 crepare
569 1025 703 1097 uoluisti;
735 1025 909 1090 benedicere
937 1032 967 1082 et
994 1023 1175 1083 sanctificare
1205 1021 1325 1100 dignare

424 1119 480 1180 bos
494 1120 657 1196 palmarum
671 1119 909 1196 diuersarumque
923 1117 1070 1178 frondium
1086 1135 1191 1190 ramos,
1203 1129 1235 1176 ut
1249 1117 1325 1175 acci-

425 1215 540 1291 pientes
554 1231 607 1274 eos
628 1215 659 1272 in
680 1213 816 1272 manibus
835 1211 951 1284 nostris,
965 1231 1033 1271 cum
1050 1213 1148 1289 palma
1162 1211 1282 1286 uictoria
1296 1219 1326 1270 et

424 1308 520 1367 fructu
540 1310 686 1368 bonorum
707 1325 830 1385 operum
852 1307 903 1365 tibi
924 1307 1039 1383 placere
1060 1307 1218 1378 ualeamus,
1238 1317 1324 1383 atque

424 1402 462 1461 ad
476 1404 694 1463 resurrectionis
704 1403 836 1480 gloriam,
848 1411 875 1461 te
887 1400 1036 1478 largiente,
1048 1402 1199 1478 peruenire
1214 1419 1324 1459 merea·

423 1514 497 1556 mur.
540 1497 597 1555 Per
611 1498 747 1557 eundem.

799 1654 868 1714 Item
882 1654 951 1715 air'a.

464 1761 553 1834 Deus,
569 1762 619 1840 qui
634 1761 807 1822 hierusalem
821 1763 943 1822 ueniens
957 1780 1009 1821 rex
1024 1760 1141 1838 apellari
1156 1770 1213 1820 eta
1227 1759 1324 1838 pueris

422 1857 536 1916 adorari
553 1857 679 1928 uoluisti,
694 1856 867 1916 benedicere
882 1857 1002 1933 dignare
1021 1856 1075 1916 has
1094 1855 1212 1916 frondes
1231 1855 1323 1914 diuer-

422 1968 519 2010 sarum
534 1953 688 2022 arbomm;
711 1961 740 2010 et
754 1961 852 2029 presta
865 1961 897 2010 ut
911 1953 986 2010 sicut
999 1969 1050 2009 eas
1068 1950 1156 2011 aforis
1175 1950 1204 2008 in
1223 1967 1322 2009 amore

422 2045 551 2105 nominis
579 2045 619 2104 tui
647 2045 783 2116 serimus;
815 2045 855 2104 ita
882 2047 968 2104 etiam
998 2045 1170 2104 intrinsecus
1198 2045 1229 2102 in
1257 2044 1323 2103 aula

422 2140 550 2215 pectoris
573 2140 665 2199 nostri
688 2137 801 2198 femore
827 2139 989 2199 dilectionis
1016 2149 1065 2214 tue
1093 2139 1321 2209 inardescamus,

422 2232 550 2292 saluator
564 2233 674 2305 mundi,
686 2234 735 2311 qui
750 2251 818 2292 cum
832 2243 913 2311 patre
927 2244 957 2293 et
971 2234 1071 2310 spiritu
1086 2243 1188 2293 sancto
1203 2233 1277 2292 uiuis
1291 2233 1308 2291 ¹.

719 2388 853 2468 Sequitur
865 2392 926 2450 alr‘a
940 2395 1036 2450 aratra

463 2497 661 2573 Omnipotens
696 2499 872 2574 sempiterne
904 2498 985 2570 deus,
1017 2497 1072 2558 flos
1108 2497 1219 2568 mundi,
1247 2498 1321 2558 odor

421 2593 581 2662 suauitatis,
605 2601 634 2651 et
662 2591 746 2668 origo
776 2592 967 2663 nascentium,
993 2592 1043 2669 qui
1073 2593 1174 2651 omnia
1197 2593 1270 2669 legis
1291 2603 1321 2652 et

421 2685 629 2764 prophetarum
652 2686 769 2745 oracula
797 2686 827 2744 in
848 2685 897 2744 filii
926 2687 966 2745 tui
989 2687 1102 2745 domini
1123 2688 1215 2745 nostri
1236 2686 1319 2746 ihesu

420 2780 519 2840 christi
533 2779 693 2839 humilitate
708 2779 868 2852 declarasti,
880 2779 927 2840 cui
941 2781 1029 2839 etiam
1044 2781 1172 2839 uenienti
1188 2780 1320 2840 hieroso-

419 2874 520 2933 limam
542 2874 680 2934 deuotam
701 2874 836 2933 laudibus
856 2873 998 2934 hodierna
1018 2874 1064 2933 die
1086 2874 1206 2934 obuiam
1229 2875 1320 2935 fecisti

419 2969 533 3028 turbam
549 2968 717 3046 procedere,
732 2969 844 3045 respice
862 2969 1005 3046 propitius
1021 2969 1059 3028 ad
1074 2969 1204 3028 debitam
1219 2970 1320 3048 popuii

420 3063 462 3122 tui
483 3064 659 3136 semitutem,
674 3074 704 3122 et
723 3062 809 3122 buius
828 3074 958 3137 creature
973 3064 1133 3123 nouitatem
1149 3073 1200 3122 tua
1216 3065 1321 3124 uirtute

419 3157 588 3231 sanctifica;
620 3167 652 3217 ut
681 3159 755 3217 sicut
784 3169 853 3217 tunc
881 3159 985 3234 prioris
1013 3157 1117 3235 populi
1144 3169 1244 3234 gratus
1269 3160 1320 3218 tibi

418 3252 512 3311 extitit
533 3252 700 3312 deuotionis
721 3253 850 3324 affectus,
873 3254 912 3312 ita
932 3271 987 3312 nos
1009 3271 1128 3330 quoque
1149 3255 1179 3312 in
1200 3254 1320 3314 ueritate

418 3345 612 3408 consessionis
634 3349 809 3408 sanctissimi
830 3347 958 3406 nominis
979 3349 1042 3406 eius
1063 3346 1118 3421 hec
1132 3348 1237 3407 eadem
1253 3366 1320 3424 per-

418 3441 519 3499 uoluta
533 3443 602 3500 anni
617 3453 749 3520 tempore
764 3442 992 3518 frequentantes,
1007 3442 1166 3518 purificatis
1188 3443 1320 3501 sensibus

418 3534 540 3612 dignum
566 3537 616 3595 tibi
643 3536 804 3596 reseramus
827 3537 1021 3613 obsequium;
1052 3546 1084 3594 ut
1108 3535 1188 3594 uelut
1215 3535 1319 3594 florum

417 3631 556 3690 uarietate
572 3632 629 3708 piis
643 3640 799 3690 uernantes
814 3630 924 3702 studiis,
939 3631 1052 3690 sarcina
1066 3631 1160 3690 carnis
1178 3630 1318 3707 deposita,

418 3741 487 3782 cum
515 3725 607 3784 odore
635 3726 782 3784 bonomm
810 3742 933 3802 operum
962 3725 993 3783 in
1021 3725 1118 3798 celesti
1145 3724 1318 3784 hiemsalem

418 3816 516 3878 eidem
530 3819 589 3879 filio
603 3828 654 3879 tuo
672 3818 794 3879 domino
812 3830 914 3879 nostro
933 3819 1015 3879 ihesu
1035 3819 1155 3878 christro
1170 3819 1319 3879 ualeamus

418 3929 578 3972 occurrere.
622 3911 682 3985 Qui
697 3923 795 3973 tecum
809 3914 889 3973 uiuit.

417 4031 526 4090 Deinde
545 4039 714 4108 spargentur
730 4033 808 4092 rami
820 4033 981 4108 palmarum
999 4052 1060 4092 erem
1080 4052 1155 4109 aqna
1176 4033 1318 4104 benedicta,

457 4132 485 4184 et
502 4127 677 4202 tarrficentur
690 4146 750 4185 cum
767 4129 875 4184 ancerrso
891 4135 918 4186 et
930 4128 1123 4196 thimiamate;
1145 4133 1171 4186 et
1189 4129 1318 4186 dardan·

458 4227 515 4294 tur,
530 4223 627 4297 primo
647 4223 724 4292 clero,
745 4222 838 4280 demde
852 4223 963 4299 populo.
1007 4221 1052 4280 Et
1070 4224 1181 4281 interam
1203 4224 1322 4299 rner'pa'eet

458 4323 555 4375 cantor
569 4315 642 4374 hane
654 4317 843 4392 antiphonam,
857 4323 883 4375 et
895 4319 995 4377 aterum
1010 4318 1130 4392 incipiat
1140 4317 1235 4377 atram.

458 4436 544 4497 Pueri
558 4436 734 4495 hebreomm
748 4436 890 4497 tollentes.

458 4533 526 4593 Ant
549 4532 634 4592 Pueri
649 4532 824 4592 hebreorum
838 4533 1020 4593 uestimenta.

457 4630 527 4689 Ant.
550 4628 674 4689 Osanna
688 4627 748 4686 filio
763 4627 859 4688 dauid.

416 4736 518 4796 binata
542 4735 693 4812 antiphona
711 4743 836 4811 pergant
855 4737 896 4794 ad
910 4738 1104 4810 processionem
1132 4756 1194 4796 cram
1221 4739 1317 4796 cande·

722 4827 813 4887 labris
831 4837 859 4888 et
875 4831 1017 4890 turibulis.

654 4983 811 5060 Antphone
824 4984 866 5042 ad
870 4987 1073 5061 processionem.

457 5103 534 5164 Cum
549 5104 804 5182 appropinquaret

457 5199 526 5258 Ant.
549 5197 626 5258 Cum
641 5197 769 5257 audisset
782 5196 918 5276 populus.

457 5292 527 5352 Ant.
549 5293 627 5352 Ante
642 5311 694 5353 sex
708 5291 770 5350 dies
785 5293 1006 5370 sollempnitatis
1021 5295 1137 5373 pasche.

457 5385 527 5444 Item
541 5387 600 5446 atra
614 5393 672 5446 ant.
693 5385 857 5446 Occurrunt
870 5389 963 5462 turbe.

684 5577 694 5606 ¹
710 5576 809 5643 Corpus
820 5577 918 5640 Missal,
930 5595 955 5647 p.
965 5579 1020 5630 186.

1640 542 1746 619 dana
1770 540 1919 619 Boniti.

1383 739 1462 801 Tune
1481 744 1617 820 episcopas
1636 747 1695 804 seire
1710 745 1847 821 presbiter
1847 747 1950 822 sacrat
1966 763 2112 804 sermonem
2133 747 2165 806 de
2183 752 2281 806 saneta

1592 858 1680 910 eruce,
1697 847 1724 898 et
1734 842 1851 916 incipiat
1862 840 2061 916 antiphonam:

1418 957 1492 1026 Aue,
1506 974 1558 1016 rex
1572 969 1679 1018 noster.

1377 1073 1421 1132 Et
1434 1093 1523 1134 omnes
1540 1084 1723 1152 prosternant
1738 1097 1766 1136 se
1782 1078 1824 1137 ad
1841 1086 1954 1138 terram.
1995 1077 2097 1138 lunata
2118 1081 2278 1157 antiphona,

1682 1178 1779 1232 cantor
1801 1175 1937 1250 incipiat:

1417 1285 1457 1346 R.
1481 1288 1516 1348 In
1532 1290 1580 1350 die
1594 1309 1654 1367 qua
1667 1291 1806 1352 inuocaui
1820 1303 1857 1364 te,
1872 1292 2002 1353 domine.

1379 1405 1452 1466 Cum
1472 1427 1566 1468 nerra.
1608 1409 1695 1469 Etsi
1710 1431 1812 1470 maesse
1827 1419 1874 1484 est,
1888 1419 1997 1471 cantent
2011 1414 2044 1471 de
2061 1416 2232 1490 responsorio
2245 1416 2277 1474 ii.

1416 1508 1469 1561 aut
1480 1504 1522 1562 iii.
1564 1503 1673 1563 Finitis
1689 1509 1878 1582 responsoriis,
1889 1509 2040 1583 procedant
2052 1511 2139 1584 pueri
2155 1509 2209 1568 duo
2228 1515 2281 1568 aut

1416 1603 1481 1670 tres,
1495 1605 1523 1656 et
1531 1607 1636 1659 canant
1646 1601 1696 1659 hos
1709 1601 1867 1660 uersiculos.

1418 1715 1528 1787 Glon'a,
1543 1717 1615 1791 iaus,
1630 1731 1658 1778 et
1673 1719 1777 1779 honor.

1417 1810 1508 1871 Israel
1523 1831 1555 1872 es
1570 1823 1601 1872 tu
1615 1833 1675 1872 rex.

1416 1903 1507 1980 Cetus
1521 1907 1551 1966 in
1566 1909 1696 1968 excelsis.

1378 2021 1409 2080 T
1402 2043 1455 2082 unc
1463 2031 1592 2101 portetur
1601 2047 1680 2086 crux
1693 2029 1723 2086 in
1737 2035 1827 2101 antea,
1841 2036 1868 2087 et
1879 2049 1939 2088 nem
1954 2031 2118 2090 introierint
2128 2034 2275 2106 ecclesiam,

1536 2130 1656 2197 sequente
1669 2123 1739 2181 clero
1752 2143 1785 2181 ac
1792 2124 1903 2202 populo,
1916 2126 1994 2184 dicat
2004 2134 2121 2186 cantor:

1415 2235 1457 2297 R.
1478 2237 1662 2318 Ingrediente
1676 2242 1808 2304 domino.
1852 2242 1923 2304 Cum
1938 2265 2029 2314 uersa,

1415 2331 1461 2392 Ex
1475 2351 1525 2393 ore
1541 2334 1703 2396 infantium.

1373 2451 1472 2512 Finito
1498 2458 1675 2530 responsorio,
1697 2458 1816 2532 anapia!
1835 2460 1918 2534 prior
1944 2461 2017 2519 hanc
2046 2462 2223 2539 antiphonam
2250 2469 2278 2519 et

1691 2551 1792 2610 chorin
1810 2554 1948 2614 sr'rnrliter.

1414 2627 1611 2708 Collegerunt.

1473 2749 1636 2828 Antiphone
1642 2751 1739 2829 finr'ta,
1754 2753 1933 2830 duofratres
1945 2763 2052 2815 canunt
2061 2777 2180 2830 uersum,

1413 2867 1498 2928 Unus
1513 2879 1610 2928 autem
1625 2889 1662 2929 ex
1676 2871 1757 2948 ipsis.

1377 2989 1408 3048 T
1401 3009 1455 3047 nnc
1472 2991 1607 3067 episcopas
1622 3000 1731 3070 pergat,
1753 3001 1780 3052 et
1795 3000 1847 3052 stet
1862 2997 1893 3053 in
1913 2996 1998 3054 medio
2016 2997 2132 3073 pectesif,
2155 3006 2182 3057 et
2201 2999 2277 3059 dane

1696 3088 1769 3146 trane
1788 3090 1921 3148 collectam
1934 3111 1945 3149 .·

1414 3203 1504 3276 Deus,
1520 3205 1569 3283 qui
1584 3206 1715 3283 dispersa
1729 3226 1903 3286 congregas.
1944 3197 2074 3288 Rean're.

1412 3439 2228 3526 &mmmmdmmmmmfflwm

1502 3585 1595 3647 Statio
1608 3587 1649 3646 ad
1658 3594 1788 3678 sanctum²
1799 3589 1942 3648 iohannem
1956 3591 1987 3648 in
2000 3590 2140 3651 lateram's.

1753 3720 1894 3799 Presatio.

1411 3851 1448 3912 U.
1464 3852 1501 3911 D.
1522 3870 1575 3930 per
1595 3852 1734 3912 christum
1755 3852 1909 3913 dominum
1931 3865 2072 3916 nostrum
2114 3858 2170 3918 Per
2183 3878 2273 3938 quern

1370 3947 1456 4006 nobis
1470 3947 1648 4023 indulgentia
1661 3946 1786 4024 largitur.
1828 3947 1960 4025 Require.

1547 4175 2094 4253 tmbwmmmwmm

1533 4319 1626 4380 Statio
1641 4321 1683 4379 ad
1694 4328 1818 4408 sanctum
1826 4329 1935 4399 petrum
1949 4325 2106 4402 apostolum.

1368 4453 1443 4513 Ante
1463 4454 1576 4514 messam
1596 4473 1661 4514 uero
1669 4455 1969 4534 sacrant‘mandatum
1989 4477 2051 4517 aem
2071 4463 2227 4540 peregrr'nis
2246 4473 2274 4524 et

1745 4551 1905 4627 hospitibus.

1409 4672 1500 4744 Deus,
1514 4690 1532 4730 a
1546 4688 1606 4748 quo
1621 4683 1650 4731 et
1664 4672 1755 4731 iudas.

1762 4812 1881 4876 Secreta.

1408 4896 1476 4973 Ipse
1491 4895 1549 4956 tibi.

1748 4977 1889 5057 Presatia.

1408 5097 1444 5158 V.
1466 5097 1505 5158 D.
1524 5116 1576 5175 per
1597 5098 1736 5159 christum
1757 5098 1909 5159 dominum
1929 5109 2071 5161 nostrum.
2119 5101 2217 5174 Quem
2238 5105 2270 5163 in

1366 5193 1421 5254 bac
1445 5202 1533 5252 nocte
1554 5194 1630 5252 inter
1650 5212 1747 5254 sacras
1765 5195 1866 5272 epulas
1887 5195 2088 5272 increpantem
2108 5215 2193 5257 meus
2214 5198 2269 5258 sibi

1367 5288 1485 5347 conscia
1499 5287 1642 5348 traditoris
1656 5288 1728 5347 terre
1743 5305 1804 5348 non
1819 5289 1920 5366 potuit.
1962 5288 2094 5368 Reperire.

1691 5445 1782 5527 Irffra
1802 5449 1941 5507 aetianam.

1408 5566 1675 5628 Communicautes.
1716 5566 1848 5644 Reperire.
