5116 6608
574 571 756 648 mensurio
783 571 850 648 olel.

579 771 650 872 Itcnr
665 774 851 854 rnsrocnbne.

306 895 395 958 Hanc
409 895 504 973 igitur.
546 892 677 971 Require.

307 989 367 1065 Qui
381 991 471 1068 pridie
483 1006 572 1068 quam
583 1007 638 1066 pro
649 997 749 1048 nostra
759 987 891 1049 omnium
906 987 997 1047 salute
1010 993 1165 1065 pateretur,

265 1085 323 1148 hoc
337 1097 390 1157 est,
402 1085 499 1156 hodie,
511 1083 625 1161 accepit
638 1100 748 1160 panem
761 1083 793 1142 in
805 1091 922 1142 sanctas
936 1101 971 1141 ac
986 1079 1166 1142 uenerabiles

265 1199 371 1242 manus
381 1197 458 1250 suas,
469 1177 590 1239 eleuatis
600 1177 694 1238 oculis
708 1177 738 1235 in
750 1177 846 1252 celum
857 1176 894 1235 ad
909 1187 937 1236 te
948 1175 1038 1236 deum
1052 1187 1166 1252 patrem

266 1293 359 1336 suum.
415 1271 459 1332 Et
489 1275 530 1333 eto
552 1284 606 1350 per
637 1273 759 1332 ordinem
791 1290 875 1348 usque
904 1269 960 1330 Per
988 1287 1077 1349 quem
1111 1268 1166 1344 hec

266 1386 373 1430 omnra.

269 1489 348 1548 Tunc
361 1489 517 1566 offerantur
525 1487 657 1565 pontfici
671 1486 757 1544 oleum
771 1486 803 1544 de
819 1485 952 1561 ampullis
965 1501 1035 1561 quus
1049 1483 1170 1560 offerunt

301 1585 407 1662 populi,
432 1581 590 1660 unguendos
617 1589 673 1640 tom
702 1580 831 1656 infirmos
857 1599 940 1656 quom
969 1580 1167 1655 energuminos.

307 1678 351 1738 Et
383 1680 414 1736 in
447 1678 553 1748 ultr‘roco,
580 1683 724 1752 nunquam
759 1675 878 1746 dicmur,
910 1673 965 1732 Per
992 1691 1081 1750 quem
1112 1671 1168 1747 hec

306 1774 416 1846 omnia,
438 1774 578 1832 exorcizet
601 1777 629 1828 et
654 1769 805 1828 benedicat.
818 1768 897 1840 illud,
921 1775 979 1826 tam
1008 1769 1064 1844 ipse
1085 1785 1167 1844 quom

307 1887 397 1928 omncs
418 1867 571 1944 presbiteri
589 1867 640 1942 qui
660 1868 766 1935 assunt,
790 1865 830 1922 r'ra
858 1871 890 1922 ut
912 1869 1019 1922 tontum
1037 1863 1168 1939 possita

307 1962 550 2023 circumstantibus
570 1960 676 2020 auderi.

579 2216 770 2282 bactrianus
791 2215 854 2279 olei.

308 2367 454 2428 Exorcizo
481 2373 520 2437 te,
542 2362 765 2423 inmundissime
793 2360 918 2437 spiritus,
942 2359 1097 2436 omnisque
1122 2359 1169 2419 in-

268 2464 365 2525 cursio
386 2473 496 2534 satane,
511 2470 540 2518 et
560 2475 650 2518 omne
672 2457 824 2524 fantasma,
840 2455 871 2513 in
885 2454 1006 2512 nornine
1027 2454 1126 2530 patris,
1140 2465 1169 2514 et

269 2559 327 2629 filii,
352 2567 381 2616 et
408 2556 526 2632 spiritus
554 2552 656 2621 sancti,
679 2561 712 2611 ut
739 2549 859 2610 recedas
888 2548 926 2606 ab
953 2547 1011 2607 hoc
1038 2548 1114 2620 oleo,
1137 2561 1169 2608 ut

269 2653 363 2732 possit
383 2649 459 2709 effici
479 2647 580 2707 unctio
600 2645 744 2724 spiritalis,
764 2644 802 2702 ad
823 2643 1074 2703 corroborandum
1095 2653 1170 2702 tem·

269 2747 350 2825 plum
361 2745 408 2804 dei
422 2743 500 2814 uiui;
517 2753 549 2800 ut
563 2743 593 2801 in
607 2759 644 2800 eo
659 2740 753 2818 possit
767 2738 883 2815 spiritus
897 2749 1015 2798 sanctus
1029 2736 1168 2808 babitare,

270 2859 323 2918 per
347 2857 457 2899 nomen
484 2836 532 2896 dei
560 2837 649 2913 patris
677 2834 897 2910 omnipotentis,
922 2843 951 2892 et
979 2849 1031 2908 per
1058 2850 1169 2891 nomen

271 2933 447 2995 dilectissimi
467 2932 517 2990 lilii
538 2932 609 3000 eius,
628 2930 740 2990 domini
761 2930 853 2989 nostri
873 2929 956 2989 ihesu
978 2927 1084 2990 christi.
1127 2926 1172 2986 Et

270 3049 324 3088 non
339 3031 498 3107 peragatur
516 3026 660 3086 conclusio.

525 3285 691 3350 unctum
713 3285 837 3350 ritatem
856 3286 921 3350 olei.

311 3435 431 3506 Emitte,
448 3433 576 3504 domine,
592 3431 724 3509 spiritum
742 3441 824 3492 tuum
844 3430 1024 3509 paraclytum
1046 3430 1083 3491 de
1100 3430 1170 3505 celis

271 3529 302 3590 in
323 3531 398 3589 hanc
419 3527 628 3606 pinguedinem
649 3524 735 3600 oliue,
750 3543 839 3604 quarn
854 3526 891 3585 de
905 3526 987 3585 uiridi
1006 3526 1087 3603 ligno
1101 3543 1169 3602 pro-

272 3625 377 3685 ducere
392 3623 527 3700 dignatus
542 3639 574 3680 es
594 3620 632 3679 ad
645 3620 833 3679 relectionem
850 3621 956 3680 mentis
972 3630 1001 3679 et
1020 3619 1151 3696 corporis
1160 3637 1168 3692 ;

272 3729 304 3778 ut
317 3729 367 3777 tua
385 3725 487 3776 sancta
501 3714 707 3774 benedictione
728 3714 764 3773 sit
784 3715 868 3773 omni
886 3715 1017 3792 tangenti
1038 3713 1095 3773 hoc
1114 3732 1169 3773 un·

274 3823 415 3891 guantum
436 3809 550 3883 salubre
571 3808 685 3884 celestis
706 3809 850 3884 medicine
864 3819 994 3868 tutamen
1013 3809 1121 3869 mentis
1141 3819 1170 3869 et

273 3906 413 3984 corporis,
440 3904 479 3964 ad
506 3901 695 3963 euacuandos
722 3920 826 3964 omnes
854 3903 979 3974 dolores,
1007 3921 1169 3979 omnesque

272 4001 461 4071 infirmitates,
489 4014 669 4075 omnemque
696 3997 888 4074 egritudinem
915 3997 1022 4058 mentis
1050 4008 1080 4057 et
1105 4015 1169 4058 cor·

272 4097 369 4174 poris;
400 4091 480 4154 unde
504 4091 612 4151 onusti
637 4092 815 4163 sacerdotes,
840 4111 933 4169 reges,
959 4091 1116 4170 prophetas
1141 4103 1170 4154 et

272 4200 419 4268 martyres
463 4188 591 4265 Krysma
605 4183 663 4263 (uer
677 4187 822 4267 carysma)
837 4197 919 4246 tuum
940 4189 979 4246 sit
999 4187 1183 4264 perlectum,¹

274 4284 403 4357 domine,
417 4283 503 4343 nobis
521 4292 581 4342 ate
600 4282 797 4354 benedictum,
810 4299 986 4360 permanens
1005 4283 1034 4340 in
1053 4283 1170 4343 uisceri·

272 4379 329 4439 bus
342 4378 457 4450 nostris,
471 4378 502 4436 io
516 4378 636 4437 nomine
650 4374 761 4437 domini
776 4377 865 4436 nostri
879 4375 963 4436 ihesu
977 4375 1083 4436 christi.

273 4497 342 4558 Item
363 4497 506 4558 benedictio
525 4499 641 4558 ericsdent
661 4498 719 4570 olei,
736 4497 778 4557 od
794 4517 897 4557 omnem
917 4499 1085 4574 languorem,
1106 4501 1183 4575 quo-'

312 4612 425 4670 cumque
452 4603 574 4670 tempore,
602 4600 629 4652 et
653 4593 735 4651 nullo
755 4595 792 4651 in
815 4593 901 4651 buricr
922 4592 976 4651 olei
996 4592 1172 4653 berredictione
1225 4640 1231 4655 .

312 4689 447 4747 conclusio
474 4689 595 4758 dicatur,
616 4693 760 4765 antequam
780 4685 984 4767 subinferatur,
1006 4687 1061 4747 Per
1082 4706 1171 4765 quern

312 4783 377 4859 hec.

1531 567 1712 646 ffltntblttio
1739 567 1807 648 ulti.
2044 589 2117 666 257

1220 767 1258 830 Et
1277 769 1381 832 iterum
1398 787 1450 850 per
1463 767 1559 850 ipsum
1578 769 1679 850 omnia
1692 769 1842 850 possibilia
1854 787 1918 832 esse
1932 769 2118 832 credentibus

1220 865 1353 939 docuisti,
1368 876 1397 926 et
1411 877 1443 926 ut
1456 875 1595 927 cunctum
1614 865 1745 926 seculum
1760 865 1823 926 eius
1837 865 1963 928 claritate
1981 867 2118 940 saluares,

1219 961 1261 1020 sic
1283 978 1336 1037 per
1356 960 1483 1021 eundem
1504 960 1619 1021 locutus
1637 977 1670 1020 es
1691 959 1807 1021 dicens:
1841 959 1932 1022 Petite
1952 971 1982 1022 et
2004 959 2119 1022 dabitur

1218 1055 1322 1127 uobis3
1340 1055 1451 1132 querite
1464 1065 1494 1115 ct
1508 1054 1679 1128 inuenietis;
1701 1053 1814 1133 pulsate
1827 1067 1856 1116 et
1870 1054 2013 1133 aperietur
2023 1056 2118 1116 uobis.

1219 1147 1415 1227 Quapropter,
1434 1147 1563 1220 domine,
1581 1158 1632 1208 tua
1653 1148 1790 1208 ineffabili
1810 1149 1943 1211 bonitate
1967 1160 2119 1228 comperta

1219 1243 1383 1304 summissis
1400 1243 1543 1320 precibus,
1551 1243 1711 1303 'credentes
1730 1244 1842 1303 nullum
1857 1243 1946 1304 alium
1960 1244 2049 1304 deum
2064 1244 2119 1303 nisi

1219 1347 1257 1408 te,
1275 1337 1404 1408 domine,
1420 1337 1471 1414 qui
1492 1337 1575 1396 diues
1596 1353 1630 1396 es
1651 1337 1682 1395 in
1702 1337 1909 1408 misericordia,
1931 1338 2120 1417 celeriterque

1219 1431 1367 1503 subuenis,
1395 1441 1423 1490 te
1451 1431 1658 1508 peritissimum
1683 1431 1829 1490 medicum
1853 1431 2053 1509 imploramus,
2079 1442 2120 1504 ut,

1219 1525 1326 1602 apertis
1340 1525 1417 1599 celis,
1432 1525 1550 1602 spiritus
1571 1524 1662 1584 sancti
1684 1524 1838 1585 uelocitate
1858 1525 1991 1598 deducta,
2008 1525 2121 1585 uirtutis

1220 1629 1268 1694 tue
1288 1619 1463 1678 medicinam
1481 1619 1512 1677 in
1531 1616 1589 1678 hoc
1604 1617 1702 1678 oleum
1716 1619 1858 1696 propitius
1872 1619 2016 1680 infundas.
2059 1619 2120 1678 De-

1220 1713 1341 1773 scendat
1363 1730 1450 1790 super
1474 1710 1533 1772 hoc
1555 1711 1654 1771 oleum
1678 1711 1809 1789 potentie
1832 1724 1881 1788 tue
1906 1713 2035 1787 donum;
2066 1712 2120 1773 de·

1220 1806 1341 1867 scendat
1365 1806 1479 1866 claritas
1503 1816 1533 1865 et
1554 1805 1639 1882 origo
1665 1807 1802 1866 uirtutum
1813 1827 1822 1880 ;
1854 1808 2013 1868 descendat
2038 1809 2120 1868 beni·

1220 1902 1316 1979 gnitas
1335 1910 1364 1961 et
1384 1901 1494 1977 puritas
1513 1900 1652 1960 sanitatis.
1704 1900 1890 1961 Errorcizetur
1911 1903 2004 1962 crucis
2023 1901 2121 1962 christi

1221 1995 1335 2055 uexillo.
1378 1994 1572 2054 Benedicatur
1585 1994 1705 2054 dextera
1719 1994 1877 2055 maiestatis
1891 2006 1957 2071 tue;
1979 2007 2008 2055 et
2023 2014 2121 2055 corro-

1220 2090 1338 2148 boretur
1352 2089 1401 2148 filii
1416 2088 1457 2148 tui
1478 2089 1591 2148 domini
1612 2089 1705 2148 nostri
1727 2090 1888 2166 signaculo.
1931 2089 2033 2149 Presto
2055 2091 2121 2161 sint,

1221 2183 1350 2254 domine,
1364 2182 1461 2259 angeli
1481 2193 1510 2242 et
1529 2181 1706 2260 archangeli,
1720 2192 1749 2243 et
1767 2184 1864 2243 omnis
1883 2183 1984 2243 militia
1998 2183 2120 2259 celestis.

1221 2278 1302 2337 Assit
1331 2277 1533 2354 apostolorum
1560 2295 1596 2336 ac
1627 2288 1794 2354 martyrum,
1817 2287 1846 2337 et
1870 2277 1998 2338 fidelium
2026 2295 2122 2338 sacer-

1221 2372 1333 2443 dotum,
1348 2371 1396 2430 uel
1410 2374 1498 2431 etiam
1511 2371 1635 2430 aliomm
1649 2389 1801 2431 seruorum
1815 2382 1931 2430 tuorum
1950 2371 2123 2449 dignissima

1221 2466 1332 2538 oratio;
1365 2467 1421 2524 sub
1443 2483 1569 2542 quorum
1594 2466 1742 2542 presentia
1766 2465 1837 2524 dum
1861 2466 1967 2526 intuo
1992 2466 2122 2537 nomine,

1221 2559 1349 2631 domine,
1363 2569 1446 2636 pater
1459 2559 1601 2630 inmense,
1615 2558 1673 2619 hoc
1694 2570 1878 2636 unguentum
1899 2561 2122 2637 compositionis

1221 2663 1308 2730 atque
1324 2654 1525 2730 permixtionis
1540 2653 1713 2723 dederimus,
1729 2655 1862 2714 liniendis
1881 2654 2061 2731 corporibus,
2077 2655 2122 2712 in·

1221 2748 1311 2807 firmis
1335 2748 1477 2807 continuo
1499 2747 1661 2824 peragratis
1681 2748 1842 2807 uisceribus
1869 2765 1972 2807 eorum
2001 2766 2123 2807 omnem

1221 2858 1361 2906 euomant
1384 2846 1553 2906 uiolentiam
1582 2845 1664 2906 fellis.
1720 2846 1822 2918 Prosit,
1851 2857 1934 2924 pater
1961 2847 2123 2907 misericor·

1222 2942 1344 3012 diarum,
1368 2939 1502 3012 lebribuS,
1527 2951 1557 3000 et
1582 2940 1752 3000 dissenteria
1779 2940 1986 3000 laborantibus.
2028 2940 2124 3000 Prosit

1222 3035 1384 3113 paraliticis,
1400 3036 1486 3110 cecis,
1501 3034 1663 3106 celandis,
1679 3035 1822 3112 simulque
1836 3036 1994 3095 uexaticiis.
2026 3033 2123 3108 Quar-

1223 3142 1301 3202 tana,
1315 3129 1444 3201 tertiana,
1460 3139 1489 3188 et
1506 3129 1653 3188 cotidiana
1672 3131 1799 3189 excutiat
1813 3129 1928 3208 frigora
1971 3129 2123 3218 Mutorum

1223 3243 1276 3284 ora
1306 3224 1451 3296 resoluat;
1487 3224 1598 3284 arentia
1624 3211 1758 3284 membra
1784 3225 1911 3299 reliciat;
1946 3225 2123 3285 dementiam

1224 3319 1330 3379 mentis
1343 3319 1381 3379 ad
1395 3319 1547 3378 scientiam
1561 3329 1687 3392 reuocet,
1697 3320 1829 3379 dolorem
1844 3320 1954 3397 capitis,
1970 3319 2122 3381 oculorum

1224 3413 1429 3486 infirmitatem,
1443 3431 1593 3486 manuum,
1616 3414 1735 3493 pedum,
1753 3414 1946 3486 brachiorum,
1961 3426 2123 3491 pectorum,

1224 3509 1366 3585 simulque
1387 3517 1416 3566 et
1435 3509 1636 3568 intestinomm
1656 3520 1743 3586 atque
1764 3509 1896 3568 omnium
1915 3509 2122 3578 membrorum,

1222 3613 1282 3662 tam
1303 3603 1482 3662 extrinsecus
1495 3620 1584 3679 quam
1605 3603 1790 3675 intrinsecus,
1809 3614 1839 3663 et
1860 3602 2050 3662 medullarum
2071 3599 2123 3662 do-

1222 3697 1315 3756 lorem
1335 3696 1461 3774 expellat
1471 3717 1480 3769 ;
1502 3714 1639 3758 somnum
1660 3697 1764 3774 quietis
1785 3695 1926 3771 infundat,
1950 3707 1979 3757 et
2000 3696 2124 3756 salutem

1223 3791 1354 3851 conterat
1367 3791 1506 3850 sanitatis
1549 3790 1580 3851 Si
1594 3809 1654 3869 qua
1667 3809 1737 3850 uero
1758 3791 1887 3869 maligna
1908 3791 1955 3852 uel
1973 3807 2125 3850 uenenosa

1222 3885 1370 3945 nascentia
1379 3885 1409 3944 in
1418 3885 1589 3962 corporibus
1599 3901 1851 3963 quorumcumque
1862 3885 1967 3945 luerint
1976 3894 2123 3962 generata,

1222 3990 1316 4040 tactus
1334 3979 1420 4039 huius
1438 3981 1580 4057 unguenti
1598 3997 1703 4039 omnes
1722 3979 1858 4040 radicitus
1872 3997 1974 4040 eorum
1988 3979 2124 4039 arefaciat

1222 4075 1358 4134 sationes.
1405 4073 1525 4134 Morsus
1559 4092 1630 4134 uero
1665 4076 1833 4147 bestiarum,
1862 4093 1970 4134 carrum
2004 4073 2122 4144 rabiem,

1222 4169 1420 4246 scorpionum,
1452 4179 1629 4246 serpentum,
1660 4170 1835 4246 uiperarum,
1868 4179 1955 4247 atque
1989 4168 2124 4228 omnium

1223 4273 1476 4322 monstruosorum
1497 4263 1586 4324 leniat
1607 4263 1740 4335 dolores;
1771 4275 1799 4324 et
1820 4263 2026 4341 superinducta
2046 4263 2125 4320 sani-

1223 4369 1280 4418 tate
1309 4358 1460 4435 plagarum
1488 4359 1584 4436 sopiat
1615 4359 1771 4418 cicatrices.
1828 4357 1977 4435 Impetum
2004 4373 2124 4433 quoque

1223 4450 1392 4525 demonum,
1420 4452 1468 4512 uel
1503 4453 1686 4513 incursiones
1717 4452 1925 4512 inmundomm
1960 4451 2123 4529 spirituum,

1223 4557 1309 4624 atque
1337 4546 1487 4624 legionum
1515 4547 1707 4624 malignarum
1734 4547 1912 4618 uexationes,
1941 4547 2068 4617 umbras,
2094 4554 2124 4603 et

1224 4643 1459 4719 rnpugnationes,
1488 4649 1516 4702 et
1544 4641 1752 4713 infestationes,
1781 4651 1857 4701 artes
1882 4657 2001 4719 quoque
2034 4636 2124 4697 male-

1224 4736 1356 4806 ficorum,
1378 4734 1575 4808 chaldeorum,
1596 4752 1749 4812 augurum,
1771 4746 1801 4794 et
1830 4735 1995 4794 diuinorum
2023 4733 2123 4793 incan-

1224 4831 1358 4901 tationes,
1377 4839 1406 4889 et
1425 4846 1541 4889 uenena
1559 4829 1734 4907 promiscua,
1753 4847 1811 4907 que
1833 4827 1984 4907 spirituum
2006 4827 2124 4886 inmun-

313 4917 350 4976 In
378 4925 430 4974 ¹¹¹0
457 4913 587 4987 minine,
610 4913 683 4974 (10⁰⁸
707 4923 790 4993 paler
813 4914 1008 4992 OmssiPOtessss
1032 4923 1061 4974 et
1088 4914 1172 4976 ihesu
1225 4925 1329 4984 dorum
1343 4923 1447 4982 uirtute
1463 4922 1590 4984 nefanda
1610 4935 1640 4984 et
1659 4924 1864 4984 exercitatione
1885 4922 2030 4982 diabolica
2051 4939 2124 4980 con-

274 5009 371 5072 christi
385 5008 434 5068 filii
448 5009 490 5068 tui
504 5008 617 5070 domini
636 5010 728 5069 nostri
742 5009 838 5086 signo,
852 5019 882 5068 et
895 5010 926 5068 in
939 5009 1042 5070 uirtute
1057 5011 1173 5086 spiritus
1224 5018 1366 5090 ficiuntur,
1383 5017 1491 5088 iubeas,
1507 5017 1635 5090 domine,
1651 5017 1792 5096 perhanc
1810 5017 2027 5077 inuocationem
2042 5025 2123 5074 tuam

274 5104 374 5174 tancti,
383 5103 460 5162 hanc
471 5111 632 5162 creaturam
646 5103 703 5164 olei
714 5103 924 5176 exorcizemus
933 5103 1078 5181 simulque
1087 5123 1172 5165 sanc·
1224 5114 1261 5172 ab
1282 5113 1348 5172 imis
1369 5113 1528 5172 uisceribus
1548 5131 1649 5172 eorum
1665 5113 1764 5171 omnia
1780 5111 1892 5189 expelli,
1907 5121 1939 5169 ut
1953 5110 2054 5169 exiens
2068 5109 2123 5167 ini-

273 5199 425 5269 fificamusr
449 5197 517 5274 quia
538 5197 578 5256 ita
603 5197 748 5274 benignus
772 5197 909 5258 dominus
931 5216 983 5275 per
1004 5216 1076 5258 suos
1100 5217 1171 5277 apo·
1224 5208 1318 5268 micus
1345 5207 1382 5266 de
1405 5207 1577 5285 corporibus
1603 5206 1785 5278 lamulamm,
1807 5204 2037 5282 famularumque
2062 5213 2124 5262 tua-

273 5297 364 5358 stolos
378 5294 524 5355 declarare
538 5294 674 5371 dignatus
689 5303 741 5368 est,
757 5293 874 5354 dicens:
890 5293 920 5354 Si
934 5295 1000 5372 quis
1013 5295 1172 5355 infirmatur
1225 5320 1289 5361 rum
1311 5301 1452 5372 omnium,
1479 5300 1621 5360 confusos
1638 5311 1668 5360 et
1691 5299 1881 5372 excruciatus,
1901 5311 1930 5358 et
1955 5297 2064 5358 nullam
2091 5297 2123 5356 in

273 5391 304 5449 io
316 5390 410 5460 uobis,
425 5389 544 5449 inducat
564 5389 747 5465 presbiteros,
767 5399 796 5448 et
816 5401 901 5450 orent
922 5408 1100 5467 supereum,
1117 5410 1172 5450 urr-
1224 5396 1266 5456 eis
1280 5396 1425 5455 maculam
1440 5394 1616 5473 relinquens,
1631 5412 1649 5452 a
1663 5394 1719 5453 tuis
1733 5394 1840 5453 sanctis
1854 5393 1965 5471 angelis
1979 5392 2125 5452 constrin-

274 5496 397 5572 guentes
422 5503 490 5545 eum
515 5484 582 5545 oleo
603 5483 634 5543 in
655 5485 775 5544 nomine
797 5485 917 5556 domini,
938 5498 966 5545 et
987 5487 1081 5545 oratio
1104 5487 1172 5547 fidei
1225 5501 1326 5568 gatur;
1351 5501 1380 5550 et
1403 5491 1435 5548 in
1459 5489 1572 5549 inferno
1598 5489 1673 5549 sicut
1694 5507 1762 5548 eum
1787 5497 1921 5566 expectat
1945 5487 2033 5565 digna
2056 5504 2125 5546 sen-

274 5581 396 5641 saluabit
409 5579 573 5654 infirmum
595 5591 624 5640 et
640 5580 664 5639 si
683 5581 714 5639 irr
733 5581 860 5668 peccatis
881 5580 927 5662 sit,
942 5581 1120 5644 dimittentur
1134 5584 1169 5644 ei.
1225 5586 1315 5646 tentia
1335 5583 1471 5662 gehenne
1488 5583 1607 5662 ignibus
1626 5583 1824 5674 mancipetur3
1847 5599 1902 5643 nec
1920 5582 1994 5642 ultra
2014 5581 2053 5641 ad
2070 5599 2125 5642 eos

868 5691 871 5698 ·
1816 5681 1865 5746 xl
