5124 6608
446 582 517 634 110

694 560 850 647 &abluto
877 561 1092 656 muratis.

688 870 731 935 ila
747 872 869 937 sufflatu
886 878 1071 954 perterretur
1079 874 1099 938 ¹.

445 1023 836 1108 Orationespersingulas
845 1027 999 1092 lectiones.
1025 1027 1211 1112 Antequam
1220 1026 1350 1112 legator

793 1128 910 1209 prima
924 1127 1023 1192 lectio.

824 1271 971 1339 Oramus.

486 1397 541 1461 Da
579 1397 682 1476 nobis,
713 1418 901 1480 quesumus,
932 1399 1075 1480 domine,
1107 1419 1168 1483 per
1203 1402 1346 1484 gratiam

441 1498 576 1580 spiritus
598 1497 702 1562 sancti
728 1519 850 1563 nouam
873 1501 921 1564 tui
944 1500 1094 1582 paracliti
1116 1500 1271 1584 spiritalis
1287 1499 1346 1564 ob·

441 1598 617 1661 seruantiae
636 1598 852 1682 disciplinam,
871 1610 907 1665 ut
929 1611 1057 1666 mentes
1080 1612 1201 1665 nostrae
1213 1600 1235 1676 i,
1252 1621 1345 1664 sacro

442 1697 615 1779 purgatae³
630 1696 760 1776 ieiunio,
777 1699 903 1763 cunctis
919 1701 1101 1765 reddantur
1118 1702 1187 1765 elus
1203 1701 1345 1766 muneri-

440 1795 504 1860 bus
524 1797 679 1879 aptiores.
725 1798 787 1862 Per
804 1799 985 1879 dominum,
1001 1801 1035 1865 in
1051 1801 1178 1867 unitate
1197 1801 1344 1867 eiusdem

441 1896 574 1979 spiritus
593 1897 707 1975 sancti,
724 1919 782 1981 per
796 1901 908 1964 omnia
922 1899 1044 1965 saecula
1054 1899 1077 1962 ⁴.

693 2093 800 2159 Lectio
815 2097 837 2160 i.
882 2097 925 2160 In
933 2098 1106 2181 principio.

486 2215 1344 2304 Omnipotens,sempiternedeus,indeficienslumen,

441 2317 497 2399 qui
518 2319 669 2400 spiritum
691 2327 786 2382 tuum
809 2330 969 2400 sanctum,
984 2343 1059 2388 cum
1075 2343 1173 2406 super
1190 2344 1294 2407 aquas
1309 2325 1343 2389 in

441 2418 556 2481 mundi
583 2418 758 2484 creationis
784 2421 922 2486 exordio
948 2422 1093 2502 ferretur,
1115 2422 1260 2507 humane
1284 2425 1342 2489 de·

440 2516 570 2582 clarasti
597 2517 712 2583 salutis
738 2529 918 2598 auctorem,
941 2531 1071 2605 praesta,
1095 2543 1282 2606 quesumus
1305 2535 1343 2591 ut

440 2617 529 2682 idem
548 2619 681 2701 spiritus
704 2619 853 2686 ueritatis
876 2621 1015 2705 ecclesie
1036 2631 1104 2687 tuae
1119 2624 1208 2688 dona
1231 2623 1342 2689 multi·

439 2715 551 2799 plicet.
590 2717 652 2783 Per
661 2719 843 2801 dominum,
855 2723 888 2784 in
904 2723 1032 2788 unitate
1045 2723 1194 2788 eiusdem
1210 2723 1342 2807 spiritus

439 2816 570 2880 sancti.t

643 2955 753 3020 Lectio
768 2956 804 3021 ii.
854 2955 1040 3040 Temptauit
1052 2958 1138 3024 deus.

485 3080 586 3156 Deus,
604 3081 659 3164 qui
682 3081 715 3144 in
730 3079 854 3164 abrahe
869 3081 985 3147 famuli
1007 3083 1056 3149 tui
1075 3104 1177 3167 opere
1194 3082 1342 3150 humano

439 3181 553 3263 generi
575 3180 788 3246 oboedientiae
811 3183 967 3265 exempla
985 3184 1174 3267 praebuisti;
1197 3187 1342 3250 concede

442 3280 546 3359 nobis,
566 3291 599 3345 et
622 3290 742 3345 nostrae
766 3281 945 3346 uoluntatis
960 3284 1158 3365 prauitatem
1180 3284 1340 3367 frangere,

438 3389 473 3444 et
488 3389 620 3445 tuorum
635 3389 866 3463 preceptorum
887 3382 1117 3448 rectitudinem
1138 3384 1172 3448 in
1187 3384 1341 3450 omnibus

438 3479 632 3563 adimplere.
678 3481 766 3546 Per.t

664 3678 773 3744 Lectio
788 3679 836 3745 iii.
880 3679 1018 3746 Factum
1032 3680 1111 3745 estl.

486 3801 588 3879 Deus,
604 3803 660 3887 qui
676 3803 790 3887 primis
804 3807 1010 3888 temporibus
1029 3805 1168 3889 impleta
1183 3805 1340 3870 miractda

439 3901 516 3964 noui
528 3905 720 3968 testamenti
731 3905 805 3970 luce
821 3905 981 3984 reserasti,
994 3906 1083 3988 quod
1100 3925 1190 3970 mare
1206 3905 1340 3969 rubrum

438 4000 544 4066 forma
561 4005 643 4068 sacri
659 4005 760 4070 fontis
780 4007 959 4084 existeret3
982 4016 1016 4070 et
1031 4005 1172 4072 liberata
1186 4006 1281 4090 plebs
1296 4005 1339 4070 ab

436 4102 583 4184 aegyptia
609 4104 775 4184 seruitute,
798 4103 966 4169 christiani
992 4104 1106 4189 populi
1135 4114 1340 4170 sacramenta

435 4202 627 4282 praeferret3
649 4203 694 4268 da
715 4214 752 4269 ut
774 4225 891 4268 omnes
905 4215 1022 4287 gentes
1043 4205 1192 4270 israhelis
1207 4206 1340 4288 priuile-

435 4299 528 4382 gium
558 4302 676 4367 merito
702 4302 779 4367 fidei
807 4313 1001 4378 consecutae,
1025 4305 1157 4387 spiritus
1186 4305 1235 4369 tui
1266 4324 1339 4386 par·

435 4399 628 4482 ticipatione
643 4412 874 4484 regenerentur
882 4403 904 4468 θ.
942 4402 1005 4468 Per
1019 4404 1201 4480 dominum,
1218 4404 1253 4468 in
1268 4404 1340 4468 uni-

434 4507 507 4564 tate
523 4501 670 4564 eiusdem
686 4501 820 4585 spiritus
835 4503 964 4568 sanctis

468 4743 477 4774 ¹
493 4745 548 4796 The
555 4754 726 4812 arrangement
737 4746 768 4796 of
776 4747 818 4797 the
829 4745 960 4813 following
969 4747 1035 4799 Coll.
1045 4747 1094 4798 und
1106 4747 1175 4798 Lect
1182 4747 1266 4797 differs
1275 4747 1339 4798 from

435 4824 480 4876 the
492 4825 568 4891 Greg.
580 4826 631 4876 end
642 4827 664 4876 is
675 4834 772 4877 nearest
784 4833 812 4877 to
823 4826 865 4876 the
876 4827 933 4878 Gel.
947 4828 1027 4879 order.
1055 4827 1110 4879 'I'ne
1124 4835 1177 4878 text
1188 4827 1218 4878 of
1226 4827 1258 4879 V.
1270 4829 1293 4877 ls
1303 4827 1338 4878 in·

433 4902 532 4954 dicated
544 4906 569 4953 in
580 4904 623 4954 the
634 4919 704 4954 more
715 4911 797 4954 reoent
808 4906 932 4970 murgdusl
943 4905 1110 4972 hundwriting
1121 4921 1149 4956 es
1161 4905 1259 4956 follows
1269 4925 1309 4956 r·-

484 4983 554 5044 (ucC.
568 4992 585 5032 1.
600 4981 746 5048 Temptauit
756 4982 825 5034 deus.
945 4995 989 5035 rt.
1004 4983 1092 5034 Vinea.

482 5069 527 5110 τι.
542 5060 684 5110 Cantemus
944 5073 1022 5112 cour.
1036 5061 1337 5127 Deosquinossdoele·

482 5147 542 5188 unc.
555 5148 585 5189 11.
599 5137 703 5203 Scripsit
714 5153 819 5204 moyses
1026 5140 1156 5190 bmndum.

481 5227 526 5266 cn.
540 5217 658 5268 Attende.
945 5229 1004 5269 nno.
1017 5229 1059 5271 111.
1071 5219 1146 5280 Audi,
1159 5218 1257 5270 innuet.

482 5304 542 5346 cot..
562 5295 638 5356 Deus,
659 5296 703 5361 qni
722 5295 796 5347 nobis
814 5311 860 5362 per
944 5307 988 5347 ts.
1002 5296 1072 5346 Sicut
1083 5312 1177 5348 centus.

582 5389 634 5425 ora.
944 5385 1022 5426 cont.
1038 5375 1161 5436 Concede,
1174 5378 1328 5441 quesumus).

483 5459 543 5500 nnc.
555 5460 597 5501 111.
611 5451 814 5518 Apprehendent.

434 5589 435 5594 ¹
466 5524 476 5555 ²
493 5527 599 5579 Nostrae
607 5530 711 5582 Bod.V.
805 5530 815 5560 ¹
831 5529 1093 5584 PurificanteBodV.
1188 5531 1198 5562 ⁴
1213 5529 1246 5579 V.
1255 5549 1280 5599 p.
1291 5533 1337 5598 893

434 5603 490 5657 Gel.
499 5621 525 5670 p.
536 5621 591 5672 597.
699 5609 710 5640 ⁸
726 5608 861 5660 Cantemus
872 5609 976 5662 domino
989 5610 1022 5660 V.
1128 5609 1138 5641 ⁸
1154 5617 1269 5676 regentur
1281 5609 1337 5662 Gel.

1652 563 1808 651 &blato
1835 565 2048 658 Quutuus.

1442 890 1543 970 Deus,
1555 889 1708 973 gloriatio
1727 890 1885 964 fidelium,
1902 901 1936 956 et
1951 890 2044 955 uitat
2060 892 2228 971 iustorum,
2244 893 2300 976 qui

1397 1010 1456 1073 per
1478 1010 1617 1073 moysen
1640 989 1801 1056 famulum
1824 999 1919 1055 tuum
1942 1011 2004 1054 uos
2026 1011 2160 1075 quoque
2184 994 2300 1058 modu·

1397 1088 1579 1156 lationenst
1605 1092 1687 1154 sacri
1714 1091 1868 1155 carminis
1894 1090 2052 1170 erudisti;
2083 1091 2118 1154 in
2140 1091 2298 1164 uniuersis

1396 1191 1552 1275 gentibus
1576 1191 1807 1256 misericordiae
1829 1199 1897 1254 tuae
1925 1208 2045 1254 munus
2071 1211 2219 1275 operare,
2243 1192 2300 1257 tri·

1396 1292 1531 1357 buendo
1564 1291 1816 1370 beatitudinem,
1849 1288 2029 1354 auferendo
2062 1299 2230 1366 terrorem,
2262 1301 2299 1355 ut

1396 1391 1486 1473 quod
1493 1391 1741 1474 prenuntiatum
1753 1400 1802 1455 est
1812 1391 1855 1454 ad
1864 1389 2063 1472 supplicium
2074 1390 2106 1454 in
2116 1391 2299 1456 remedium

1396 1489 1611 1555 transferatur
1625 1500 1795 1555 aetemum.
1841 1490 1927 1554 Per.t

1609 1717 1718 1782 Lectio
1733 1737 1764 1782 v.
1809 1715 2062 1800 Adprehendent
2071 1715 2093 1778 ⁴.

1438 1846 1669 1931 Omnipotens,
1685 1849 1887 1930 sempiterne
1901 1848 1993 1926 deus,
2008 1847 2065 1929 qui
2085 1866 2146 1930 per
2165 1847 2295 1911 unicum

1394 1947 1499 2012 filium
1521 1959 1616 2014 tuum
1639 1947 1787 2013 ecclesiae
1814 1957 1881 2012 tuae
1905 1947 2140 2012 demonstrasti
2165 1957 2199 2012 te
2225 1967 2297 2012 esse

1393 2047 1564 2126 cultorem,
1580 2055 1617 2112 ut
1632 2067 1767 2111 omnem
1783 2046 1959 2130 palmitum
1971 2047 2112 2110 fructum
2128 2047 2161 2110 in
2178 2049 2295 2112 eodem

1393 2146 1517 2213 christo
1527 2157 1597 2222 tuo,
1607 2147 1664 2229 qui
1676 2167 1754 2211 uera
1765 2146 1841 2211 uitis
1849 2145 2109 2222 est,etterentem
2119 2145 2297 2211 clementer

1394 2246 1559 2325 excolens,
1575 2247 1699 2311 fructus
1717 2245 1835 2311 alferat
1849 2246 2036 2328 ampliores,
2052 2244 2206 2310 fidelibus
2221 2247 2294 2321 tuis,

1393 2367 1477 2430 quos
1499 2346 1591 2411 uelut
1614 2347 1746 2410 uincam
1766 2367 1810 2410 ex
1832 2357 1968 2430 aegypto
1991 2366 2051 2428 per
2072 2344 2198 2410 fontem
2215 2347 2296 2429 bap·

1393 2446 1482 2510 tismi
1509 2445 1681 2529 pertulisti,
1709 2445 1807 2509 nullae
1834 2445 2030 2528 preualeaut
2058 2445 2153 2529 spine
2181 2465 2294 2529 pecca·

1392 2555 1522 2625 torum;
1555 2554 1594 2609 ut
1624 2544 1758 2628 spiritus
1792 2545 1841 2609 tui
1875 2544 2136 2610 sanctificatione
2169 2545 2295 2624 muniti,

1392 2654 1553 2728 perpetua
1567 2643 1661 2727 fruge
1675 2645 1829 2709 ditentur.
1876 2645 1939 2709 Per
1955 2646 2105 2722 eundem,
2120 2645 2154 2707 in
2171 2645 2295 2710 unitate

1391 2745 1539 2809 eiusdem
1555 2745 1688 2828 spiritus
1703 2745 1808 2808 sancti
1822 2764 1883 2827 per
1898 2745 2009 2808 omnia
2025 2742 2169 2808 saeculat

1515 2971 1625 3035 Lectio
1641 2971 1700 3036 vi!⁵
1744 2969 1846 3048 Audi,
1862 2967 1992 3034 israhel.
2039 2967 2165 3035 Oratio.

1436 3107 1538 3185 Deus,
1554 3109 1610 3192 qui
1623 3107 1718 3172 nobis
1732 3127 1792 3192 per
1802 3105 2038 3190 prophetarum
2050 3127 2107 3170 ora
2119 3108 2293 3190 precepisti

1390 3206 1586 3291 temporalia
1598 3207 1790 3290 relinquere,
1802 3216 1905 3289 atque
1920 3204 1963 3270 ad
1979 3213 2103 3270 aeterna
2118 3205 2293 3284 festinare;

1390 3306 1434 3370 da
1455 3305 1587 3370 famulis
1609 3307 1675 3372 tuis
1697 3316 1734 3370 ut
1757 3326 1833 3390 quae
1855 3325 1875 3369 a
1898 3313 1932 3370 te
1956 3305 2043 3368 iussa
2068 3305 2292 3389 cognouimus,

1390 3405 1527 3490 implere
1548 3405 1672 3471 caelesti
1691 3405 1906 3489 inspiratione
1928 3405 2107 3469 ualeamus.
2154 3404 2216 3470 Per
2234 3404 2293 3469 do-

1391 3505 1516 3570 minum
1532 3516 1705 3572 nostrum.t

1625 3629 1806 3706 cantaum,
1823 3629 1921 3696 Sicut
1932 3647 2055 3692 cemus.

1694 3855 1854 3940 Sequitur
1866 3857 1980 3922 oratio.

1434 3991 1598 4069 Concede,
1622 4013 1809 4076 quesumus,
1826 3995 2038 4079 omnipotens
2060 3995 2150 4072 deus,
2177 4005 2214 4059 ut
2236 3995 2292 4076 qui

1390 4092 1648 4158 sollemnitatem
1669 4092 1772 4158 doni⁶
1787 4095 1921 4177 spiritus
1942 4095 2049 4158 sancti
2066 4093 2213 4170 colimus,
2229 4113 2294 4158 cae·

1390 4189 1528 4258 lestibus
1549 4193 1719 4258 desideriis
1740 4192 1870 4258 accensi
1892 4192 2019 4258 fontem
2039 4193 2118 4258 uitae
2133 4193 2291 4269 sitiamus,

1390 4292 1562 4356 dominum
1586 4303 1735 4357 nostrum
1757 4292 1887 4358 ihesum
1909 4290 2077 4371 christum,
2100 4293 2157 4376 qui
2180 4303 2291 4357 tecum

1391 4401 1526 4456 etcum
1557 4391 1675 4456 eodem
1702 4392 1819 4476 spiritu
1849 4401 1966 4458 sancto
1995 4391 2078 4456 uiuit
2109 4402 2144 4456 et
2177 4401 2291 4476 regnat

1390 4489 1473 4555 deus
1482 4489 1504 4557 ⁷.

1390 4641 1472 4705 Inde
1490 4639 1655 4706 descendes
1667 4661 1740 4704 mm
1755 4639 1889 4705 latonia
1903 4639 2075 4722 adfantes.
2121 4639 2292 4706 Orationes

1631 4739 1679 4803 ad
1690 4739 1826 4804 missam
1843 4739 1879 4804 in
1888 4735 2050 4804 sabaiet

1421 4981 1431 5012 ¹
1447 4981 1556 5033 Attende
1567 4981 1648 5032 celum
1661 4981 1693 5031 V.
1932 4979 1943 5010 ²
1958 4980 2019 5031 uitae
2030 4979 2086 5032 Gel.

1421 5059 1620 5110 'modulatione
1631 5058 1688 5109 Gel.
1930 5057 2114 5110 ‘Uinenfscta
2125 5065 2170 5109 est.

1421 5137 1432 5168 ⁸
1447 5133 1516 5202 Only
1525 5137 1582 5188 four
1593 5137 1623 5187 os
1631 5137 1700 5188 these
1711 5136 1828 5187 hedone
1840 5137 1878 5201 (ii,
1890 5137 1923 5194 it,
1935 5151 1960 5196 r,
1972 5137 2008 5201 ri)
2020 5151 2063 5188 ure
2072 5136 2146 5203 given
2157 5136 2183 5187 in
2191 5137 2218 5188 t.

1420 5215 1431 5247 ⁸
1447 5217 1533 5273 SoOr
1550 5217 1618 5267 douo
1629 5217 1691 5269 Bod.
1703 5216 1734 5266 V.

1421 5293 1431 5323 l
1454 5309 1473 5346 ÷
1487 5311 1511 5346 o.
1523 5311 1543 5346 s.
1553 5295 1586 5354 d..
1594 5295 1638 5360 qui
1646 5293 1763 5361 paschale
1770 5301 1950 5344 sacramentum
1957 5295 2053 5346 dierum
2061 5293 2163 5344 uoluisti
2172 5296 2289 5359 mysterio

1388 5374 1518 5436 contineri,
1530 5379 1622 5439 praeste
1633 5383 1660 5423 ut
1671 5373 1782 5438 gentium
1794 5373 1861 5423 lucta
1870 5372 1993 5437 dispersio
2004 5372 2126 5424 dinuloue
2139 5373 2286 5436 linguarum,

1389 5454 1422 5503 ed
1433 5469 1508 5504 unam
1519 5453 1699 5504 confessionem
1712 5453 1749 5502 tui
1760 5451 1866 5502 nominis
1877 5452 1971 5502 calesti
1987 5466 2088 5504 munere
2101 5459 2289 5518 congregentur.

1389 5533 1435 5638 Pe:
1448 5533 1539 5660 tiinita
1550 5609 1661 5660 oratione
1672 5608 1831 5670 inchoantur,
1843 5613 1900 5669 etc..
1913 5607 1939 5658 Ζ.
2055 5677 2059 5688 ,
