5124 6608
556 542 711 630 §alirn
738 543 876 630 §uuna

267 743 444 826 pertinum.
500 742 601 827 Quod
635 744 695 810 tibi
726 743 759 808 in
788 742 852 809 hac
882 744 968 809 cerei
998 741 1168 810 oblatione

267 845 418 909 sollemni
449 865 509 928 per
538 846 762 910 ministrorum
793 865 911 909 manus
941 845 984 908 de
1014 845 1168 927 operibus

267 963 368 1027 apum
405 956 614 1010 sacrosancta
646 945 756 1010 reddit
793 943 941 1009 ecclesia.
1001 942 1070 1009 Sed
1100 946 1167 1008 iam

266 1043 420 1127 columne
434 1043 532 1110 huius
547 1045 703 1128 preconia
718 1045 880 1122 nouimus,
893 1063 995 1126 quam
1012 1044 1045 1106 in
1060 1042 1166 1108 hono·

267 1163 336 1207 rem
366 1142 421 1208 dei
450 1144 589 1209 rutilans
618 1143 909 1228 ignis÷accendit
970 1141 1061 1226 Qui¹
1090 1143 1167 1208 licet

266 1242 391 1307 diuisus
421 1243 455 1307 in
487 1251 599 1326 partes
629 1243 771 1308 mutuati
802 1242 935 1307 luminis
965 1243 1166 1307 detrimenta

267 1363 332 1408 non
347 1345 450 1408 nouit.
495 1342 609 1409 Alitur
621 1342 824 1427 liquantibus
839 1343 928 1424 ceris,
942 1362 1025 1431 quas
1041 1343 1074 1406 in
1089 1342 1166 1406 sub-

266 1443 425 1508 stantiam
447 1444 602 1527 pretiosae
623 1443 721 1508 huius
746 1441 911 1525 lampadis
932 1440 1037 1526 apes²
1058 1450 1166 1506 mater

266 1543 394 1608 eduxit.
449 1541 570 1626 Apes³
603 1543 721 1607 ceteris
758 1539 863 1628 q(uae)
901 1542 1051 1606 subiecta
1087 1551 1165 1605 sunt

265 1641 390 1706 homini
402 1642 626 1706 animantibus
637 1641 814 1707 antecellit.
847 1641 962 1725 Quum
974 1641 1017 1706 sit
1029 1640 1165 1704 minima

266 1743 409 1826 corporis
418 1743 591 1825 paruitate,
603 1743 755 1825 ingentes
764 1741 892 1806 animos
902 1752 1043 1824 angusto
1054 1751 1165 1805 uersat

265 1843 298 1907 in
313 1852 457 1925 pectore,
472 1842 596 1906 uiribus
615 1841 796 1920 imbecillis,
811 1841 871 1906 sed
887 1841 980 1906 fortis
997 1840 1128 1924 ingenio
1139 1838 1164 1904 ⁴.

267 1941 296 2007 Ο
312 1962 390 2006 uere
404 1941 505 2006 beata
517 1950 551 2006 et
563 1941 721 2006 mirabilis
735 1947 834 2024 apest
870 1940 902 2006 Ο
919 1961 996 2006 uere
1014 1941 1114 2005 beata
1130 1950 1164 2004 et

266 2041 424 2106 mirabilis
446 2061 527 2124 apes
535 2039 556 2117 ²,
580 2043 672 2106 cuius
703 2061 762 2106 nec
789 2061 909 2105 sexum
933 2039 1070 2104 masculi
1093 2041 1163 2103 uio-

265 2141 342 2218 lant,
356 2141 445 2206 fetus
460 2162 526 2206 non
541 2151 708 2224 quassant,
722 2161 782 2206 nec
801 2140 858 2205 filii
875 2141 1050 2204 destruunt
1064 2141 1162 2204 casti·

265 2242 385 2306 tateml
421 2240 515 2307 Sicut
530 2251 646 2306 sancta
661 2241 814 2322 concepit
829 2241 923 2326 uirgo
940 2241 1051 2316 maria,
1067 2239 1162 2323 uirgo

265 2343 400 2425 peperit,
418 2352 453 2407 et
473 2343 567 2426 uirgo
582 2340 762 2424 permansit
771 2341 795 2403 ³.
831 2339 954 2406 Ouere
967 2340 1067 2404 beata
1083 2360 1161 2414 nox,

265 2461 338 2524 quae
358 2443 544 2526 expoliauit
559 2450 720 2524 aegyptus,
736 2439 855 2504 ditauit
870 2439 1019 2513 hebreos,
1037 2459 1106 2504 nox
1127 2440 1162 2502 in

264 2562 328 2625 qua
357 2543 496 2607 terrenis
528 2541 662 2624 celestia
692 2540 890 2623 iunguntur!
937 2537 1082 2604 Oramus
1118 2547 1161 2618 te,

263 2641 405 2722 domine,
426 2651 463 2706 ut
485 2661 598 2724 cereus
620 2642 684 2705 iste
704 2640 737 2702 in
761 2639 921 2704 honorem
946 2639 1089 2703 nominis
1111 2637 1161 2703 tui

263 2747 513 2815 conse-letatus
528 2741 571 2804 ad
588 2741 694 2804 noctis
716 2739 814 2803 huius
835 2738 1011 2821 caliginem
1031 2739 1160 2802 destru-

265 2841 384 2906 endam
402 2838 594 2905 indeficiens
609 2849 798 2923 perseueret
805 2837 828 2916 ¹,
844 2839 877 2902 in
893 2839 1030 2904 odorem
1054 2837 1159 2900 suaui-

263 2943 338 3008 tatis
358 2949 523 3026 a'cceptus,
546 2941 695 3024 supernis
717 2941 932 3006 luminaribus
961 2949 1159 3023 mysceatur.

263 3042 431 3107 Flammas
454 3043 523 3106 eius
552 3040 668 3106 lucifer
697 3042 877 3106 matutinus
906 3041 1063 3118 inueniat,
1089 3037 1159 3117 llle,

263 3143 406 3226 inquam,
439 3141 555 3207 lucifer
585 3141 642 3224 qui
673 3143 778 3206 nescit
815 3161 978 3216 occasum,
1010 3139 1072 3217 ille,
1103 3140 1159 3222 qui

264 3263 427 3327 regressus
463 3241 508 3306 ab
544 3241 655 3306 inferis
691 3240 838 3305 humano
874 3241 988 3325 generi
1025 3258 1158 3303 serenus

263 3342 397 3408 illuxitn

537 3440 605 3505 Hic
626 3440 725 3522 quasi
743 3438 878 3505 collecta.

302 3566 479 3631 Precamur
509 3585 589 3650 ergo
618 3576 663 3646 te,
689 3564 833 3643 domine,
862 3573 899 3628 ut
929 3583 990 3627 nos
1016 3562 1157 3627 famulos

261 3676 333 3730 tuos
356 3685 491 3730 omnem
510 3666 644 3742 clerum,
661 3675 695 3730 et
709 3663 962 3729 deuotissimum
984 3662 1157 3745 populum,

261 3784 421 3830 unacum
443 3785 533 3849 papa
555 3775 677 3842 nostro,
695 3764 751 3829 et⁵
773 3762 1020 3846 archiepiscopo
1044 3770 1157 3827 nostro

259 3874 357 3949 atque
379 3885 457 3949 rege
479 3874 592 3929 nostro
601 3864 623 3944 ὅ,
639 3863 760 3948 quietae
782 3872 970 3944 temporum
991 3883 1156 3938 concessa,

260 3963 291 4027 in
305 3963 356 4029 his
371 3964 581 4047 paschalibus
595 3964 688 4029 festis
702 3982 897 4028 conseruare
912 3962 1064 4045 digneris.
1095 3961 1159 4026 Per

259 4064 428 4128 dominum
445 4073 619 4128 nostrum.t

288 4289 315 4331 ¹·¹
332 4291 389 4342 The
402 4289 509 4356 original
521 4292 622 4358 writing
638 4291 684 4342 has
701 4291 764 4342 been
778 4291 872 4351 erased,
884 4289 933 4340 and
950 4289 1000 4339 this
1016 4289 1089 4338 fuller
1099 4305 1154 4356 pas-

258 4385 314 4434 sage
330 4370 481 4422 substituted
497 4370 523 4420 ia
540 4386 556 4420 a
573 4370 653 4421 closer
667 4369 713 4422 but
724 4369 809 4435 nearly
821 4374 1060 4433 contemporaneous
1077 4367 1154 4418 hund·

258 4448 361 4514 uhtiug.

287 4526 297 4556 ¹
312 4525 347 4577 So
358 4526 391 4584 0,
403 4525 460 4592 epis
470 4525 502 4576 V.

286 4605 315 4644 ⁸³
331 4605 395 4654 This
405 4610 512 4654 account
523 4604 554 4655 of
561 4604 605 4655 the
616 4603 669 4666 bee,
683 4604 734 4654 still
745 4604 833 4671 longer
840 4603 865 4652 in
873 4603 905 4664 V,
915 4603 961 4652 has
973 4601 1035 4652 been
1047 4601 1154 4652 omitted

257 4683 280 4733 in
290 4681 394 4732 modern
405 4681 512 4734 missals.

286 4761 296 4792 ⁴
317 4775 337 4814 ι·
351 4762 424 4820 Haec,
433 4761 562 4826 explorata
574 4769 713 4828 temporum
722 4761 783 4820 uice,
792 4776 850 4811 cnm
861 4759 977 4810 canitiem
986 4758 1104 4822 pruinosa
1114 4758 1153 4808 hi·

256 4841 328 4891 berna
338 4840 473 4906 posuerint,
484 4847 510 4890 et
521 4840 624 4906 glaciari
637 4840 706 4891 senio
717 4839 786 4890 uemi
797 4838 916 4903 temporis
931 4837 1061 4887 moderata
1072 4837 1151 4886 deter-

255 4919 334 4978 serint,
352 4917 439 4969 statim
455 4917 592 4983 prodeundi
609 4917 642 4968 ad
659 4917 771 4968 laborem
788 4932 847 4968 cura
864 4915 981 4966 succedit.
1015 4914 1149 4979 Dispersa·

256 5013 300 5062 que
316 5011 361 5062 per
373 5012 457 5063 agros,
469 4995 567 5046 libratis
584 4996 713 5062 paululum
729 4995 824 5060 penms.
842 4994 954 5044 cruribus
970 4992 1095 5058 suspensis
1112 4995 1148 5043 in·

255 5075 343 5135 sidunt,
362 5074 429 5140 pasti
450 5090 527 5134 more,
545 5074 628 5138 legere
644 5072 769 5130 flosculus,
786 5073 911 5123 honeratis
931 5070 1080 5121 uictunlibns
1098 5071 1150 5121 suls

255 5153 285 5202 ed
295 5161 377 5203 castra
388 5161 514 5214 remeant;
531 5153 615 5218 ibique
626 5151 690 5209 alise,
699 5151 867 5202 inaestimabili
880 5157 940 5206 arte,
952 5148 1055 5200 cellulas
1067 5149 1148 5199 tenaci

254 5231 348 5296 glutino
367 5231 507 5287 instruuntr
530 5231 588 5281 aliae
607 5229 727 5296 liquentia
749 5229 825 5278 mella
846 5229 955 5294 stipant;
974 5227 1030 5277 aliae
1048 5233 1148 5277 uertunt

255 5307 322 5360 flores
337 5310 363 5359 in
374 5325 479 5370 caeram
497 5308 553 5360 alise
565 5324 607 5359 ore
620 5315 693 5358 natos
708 5306 819 5372 fruguum
836 5305 893 5356 nliae
906 5305 1040 5356 collectum
1053 5320 1068 5354 e
1081 5304 1148 5355 foliis

253 5397 334 5439 nectar
355 5387 491 5438 includant.
539 5387 603 5452 Apis
625 5385 736 5452 corporis
758 5385 861 5434 minima
883 5383 1027 5448 quantitate,
1046 5381 1147 5447 ingenio

253 5465 369 5516 mirabilis
379 5463 496 5516 naturali.
530 5464 553 5515 Ο
564 5481 622 5516 uere
633 5465 715 5525 beatu
728 5470 783 5523 eta,
797 5469 827 5512 ut
836 5470 915 5527 supra
926 5463 954 5512 Z.

281 5544 310 5583 ’ὅ
325 5544 382 5594 The
398 5543 506 5609 original
522 5550 575 5594 text
592 5543 638 5593 has
654 5542 716 5592 been
732 5541 819 5592 erased
836 5541 863 5590 in
882 5540 955 5591 order
970 5548 998 5590 to
1017 5537 1147 5591 introduce

253 5620 299 5673 this
310 5623 432 5674 reference
443 5630 471 5672 to
482 5621 524 5674 the
536 5621 687 5686 urchbishop
698 5620 748 5670 and
759 5619 828 5686 king.

1512 550 1667 637 §abbata
1693 551 1831 638 &anon
2076 573 2125 646 97

1224 747 1340 815 Oratio
1348 757 1425 832 port
1434 749 1677 815 benedictionem
1688 753 1783 816 crerei
1795 751 1938 832 ducendo,
1950 765 2125 838 antequam

1289 850 1418 933 legatur
1424 850 1539 933 prima
1554 851 1642 916 lectio
1653 853 1802 934 genesis:
1824 853 1867 916 Iu
1875 854 2049 936 principio.

1264 975 1367 1054 Deus,
1394 976 1451 1059 qui
1478 975 1611 1040 diuitias
1638 977 1872 1042 misericordiae
1902 987 1970 1044 tuae
2001 981 2033 1043 in
2060 981 2124 1046 hac

1220 1077 1384 1160 precipuae
1414 1084 1512 1140 nocte
1534 1075 1670 1158 largiris,
1693 1078 1872 1162 propitiare
1895 1079 2049 1144 uniuerso
2071 1103 2124 1145 or-

1220 1176 1289 1240 dini
1311 1175 1524 1241 sacerdotalis
1546 1176 1653 1252 officii,
1677 1186 1711 1240 et
1733 1197 1850 1241 omnes
1871 1179 1994 1260 gradus
2015 1178 2121 1244 famu-

1219 1275 1306 1346 latus
1325 1277 1435 1355 nostri,
1448 1275 1592 1359 perlecta
1607 1274 1803 1340 delictorum
1820 1277 2011 1342 remissione
2027 1299 2122 1344 sanc-

1220 1376 1317 1449 tifica,
1334 1386 1371 1440 ut
1392 1376 1647 1458 mynistraturos
1668 1376 1896 1459 regeneratrici
1916 1379 2031 1460 gratiae
2054 1387 2121 1443 tuae

1219 1475 1301 1539 nulli
1323 1496 1396 1540 esse
1416 1475 1581 1540 obnoxios
1602 1476 1738 1559 patiaris
1753 1475 1887 1559 offense.
1933 1476 1995 1541 Per
2013 1479 2120 1542 domi-

1218 1587 1322 1640 num.t

1271 1749 1380 1813 Lectio
1402 1745 1440 1813 i.¹
1484 1748 1527 1812 In
1542 1747 1713 1831 principio.
1760 1746 1920 1830 Sequitur
1940 1748 2056 1814 oratio.

1596 1848 1743 1914 Oremus.

1262 1973 1364 2050 Deus,
1395 1975 1451 2059 qui
1489 1974 1683 2038 mirabiliter
1718 1975 1835 2039 creasti
1872 1973 2050 2052 hominem,
2085 1987 2120 2041 et

1217 2074 1398 2138 mirabilius
1420 2075 1598 2153 redemisti,
1614 2075 1658 2138 da
1679 2074 1783 2150 nobis,
1800 2093 1988 2157 quesumus,
2003 2083 2119 2139 contra

1215 2174 1437 2238 oblectamina
1465 2173 1595 2257 peccati
1625 2174 1746 2238 mentis
1779 2173 1905 2238 ratione
1934 2175 2118 2256 persistere,

1216 2281 1253 2336 ut
1269 2293 1453 2337 mereamur
1467 2273 1511 2337 ad
1527 2273 1649 2357 gaudia
1664 2283 1788 2337 aetema
1804 2273 1984 2357 peruenire.
2020 2273 2106 2339 Pert

1362 2465 1470 2530 Lectio
1492 2463 1543 2530 ii.2
1586 2465 1659 2529 Noc
1680 2486 1766 2529 uero.
1814 2465 1962 2531 Oramus.

1258 2590 1360 2668 Deus,
1375 2589 1654 2655 incommutabilis
1677 2591 1789 2666 uirtus,
1808 2589 1920 2654 lumen
1944 2600 2115 2666 aetemum‚

1214 2690 1340 2772 respice
1355 2691 1517 2772 propitius
1531 2691 1575 2754 ad
1590 2691 1693 2754 totius
1709 2690 1856 2754 ecclesiae
1874 2698 1942 2753 tuae
1965 2690 2116 2754 mirabile

1213 2798 1463 2868 sacramentum,
1479 2799 1514 2854 et
1535 2809 1619 2872 opus
1640 2789 1756 2854 salutis
1778 2788 1924 2872 humane
1946 2799 2115 2872 perpetuae

1212 2888 1436 2972 dispositionis
1459 2889 1576 2954 effectu
1599 2888 1808 2971 tranquillius
1830 2909 1988 2972 operare;
2011 2887 2115 2953 lotus-

1213 3009 1277 3073 que
1300 2989 1442 3052 mundus
1466 2990 1656 3071 experiatur
1679 2998 1713 3054 et
1734 2989 1857 3064 uideat,
1874 2988 2004 3053 deiecta
2025 2989 2114 3072 erigi,

1212 3089 1395 3153 inueterata
1414 3090 1537 3164 nouari,
1557 3097 1592 3153 et
1614 3108 1674 3171 per
1689 3089 1796 3172 ipsum
1820 3088 1928 3153 redire
1946 3088 2057 3152 omnia
2081 3090 2114 3152 in

1212 3189 1386 3271 integrum,
1401 3209 1503 3271 aquo
1518 3207 1686 3271 sumpsere
1701 3189 1908 3271 principium.
1953 3187 2039 3251 Per.⁷

1290 3381 1402 3446 Lectio
1423 3380 1487 3447 iii.8
1537 3379 1721 3463 Temptauit
1739 3379 1827 3443 deus.
1875 3376 2022 3442 Oramus.

1255 3505 1355 3583 Deus,
1372 3506 1519 3571 fidelium
1542 3515 1637 3590 pater
1659 3525 1799 3580 summe,
1815 3503 1872 3586 qui
1894 3503 1928 3567 in
1943 3512 2016 3569 toto
2032 3505 2112 3568 orbe

1209 3614 1370 3671 terrarum
1386 3606 1613 3690 promissionis
1624 3614 1692 3669 tuae
1704 3603 1789 3668 lilios
1801 3602 1921 3667 diffusa
1931 3602 2112 3686 adoptione

1211 3705 1411 3790 multiplicas
1434 3716 1468 3770 et
1490 3725 1549 3789 per
1570 3703 1727 3787 paschale
1750 3711 1993 3768 sacramentum
2016 3702 2112 3766 abra-

1210 3805 1289 3868 ham
1319 3825 1456 3890 puerum
1487 3813 1582 3869 tuum
1612 3805 1848 3879 uniuersamm,
1874 3803 1959 3866 sicut
1987 3802 2110 3878 iurasti,

1209 3907 1359 3986 gentium
1383 3904 1484 3969 efficis
1505 3913 1656 3987 patrem;
1688 3905 1732 3968 da
1759 3901 1891 3986 populis
1917 3901 1982 3966 tuis
2010 3902 2111 3985 digne

1209 4004 1252 4068 ad
1267 4005 1411 4089 gratiam
1426 4014 1493 4069 tuae
1508 4002 1691 4068 uocationis
1706 4003 1836 4066 intrare.
1882 4002 1969 4066 Pera

1492 4286 1666 4353 Cantemus
1686 4287 1826 4351 domino.

1250 4417 1353 4490 Deus,
1381 4415 1472 4479 cuius
1504 4412 1641 4494 antiqua
1670 4410 1827 4475 miracula
1857 4411 1958 4474 etiam
1989 4409 2109 4474 nostris

1206 4515 1325 4581 seculis
1340 4533 1511 4579 coruscare
1527 4511 1696 4584 sentimus,
1709 4511 1790 4575 dum
1806 4509 1896 4593 quod
1912 4509 1967 4573 uni
1982 4508 2108 4591 populo

1205 4637 1225 4680 a
1255 4614 1483 4698 persecutione
1509 4611 1657 4696 aegyptia
1684 4610 1856 4674 liberando
1879 4609 2019 4690 dextere
2049 4617 2106 4690 tue

1235 4827 1245 4858 ¹
1263 4838 1321 4877 use
1334 4838 1353 4876 1.
1365 4825 1395 4874 ln
1405 4822 1538 4889 principio.

1262 4917 1292 4956 11.
1304 4915 1381 4954 com..
1394 4903 1463 4952 Deus
1474 4901 1517 4966 qui
1529 4899 1629 4949 mirabi-

1234 4983 1244 5013 ¹
1261 4995 1321 5035 nne.
1333 4993 1363 5032 11.
1380 4981 1488 5031 Factum
1501 4984 1538 5028 est
1553 4978 1578 5028 iu
1593 4977 1629 5026 ui-

1316 5059 1378 5126 gilla
1387 5057 1518 5108 matutina.

1260 5151 1340 5190 nnnc,
1351 5138 1494 5188 Cantemus.

1231 5220 1242 5251 ¹
1259 5230 1318 5268 nne.
1332 5227 1364 5265 ιιι
1386 5211 1586 5279 Apprehendent

1259 5313 1339 5352 runc.
1352 5297 1439 5348 Vinea.

1257 5391 1336 5430 cour..
1358 5377 1435 5434 Deus,
1459 5373 1502 5439 qui
1525 5386 1572 5422 nos
1592 5370 1626 5420 ad

1313 5451 1494 5506 celebrandurn.

1230 5536 1240 5566 ⁴
1256 5536 1341 5586 Tunc
1356 5533 1424 5583 Sient
1435 5544 1530 5580 ceruus.

1255 5615 1338 5665 Com..
1352 5609 1518 5675 Omnipotens
1528 5605 1584 5657 nd

1661 4821 1665 4949 q
1712 4819 1770 4870 liter
1782 4819 1870 4870 creasti
1880 4817 2014 4869 hominem.

1723 4985 1801 5026 com.
1817 4972 1894 5032 Deus,
1914 4973 1985 5023 cuius
2004 4973 2105 5037 antiqua

1777 5052 1905 5103 miracula.

1722 5220 1780 5260 Lae.
1804 5219 1859 5258 ιιιι.
1887 5207 1943 5274 Her
1967 5215 2005 5257 est
2032 5206 2103 5258 here-

1775 5285 1847 5338 ditas.

1721 5379 1802 5418 nnnc.
1815 5364 1932 5437 Atteude,
1946 5362 2034 5430 uelum.

1721 5457 1799 5495 com.
1810 5445 1888 5501 Deus,
1897 5443 1941 5508 qui
1949 5441 2085 5509 ecclesiam.

1717 5526 1797 5574 Αιιιι.
1812 5521 1936 5580 Concede,
1946 5535 2086 5586 quesumus.

1816 5695 1840 5747 Ο
