5122 6610
489 558 706 655 moruorum
727 558 970 634 &cumeorum
1452 505 1627 650 Uirrium
1644 569 1672 634 tt
1689 559 1900 648 marmium.
2058 578 2125 651 173

278 761 385 841 ficent,
396 768 433 827 ut
448 761 528 828 dum
540 781 654 826 eorum
667 758 785 826 merita
800 758 983 833 recolimus,
995 757 1176 842 patrocinia
1228 765 1289 822 tuo
1320 756 1386 822 sint
1415 758 1518 842 digna
1551 759 1753 843 conspectui,
1779 768 1966 825 sanctomm
1995 766 2128 824 tuorum

277 862 466 928 sentiamus.
512 862 599 926 Pers
1227 857 1380 940 precibus
1394 859 1597 925 adiuuemur.
1639 853 1758 948 [Ρη]γ

641 959 804 1042 P'ffam'
1594 1033 1757 1117 prefato.

319 1085 364 1151 U.
376 1084 421 1148 D.
438 1092 561 1151 aeterne
575 1085 668 1150 deus.
713 1084 760 1151 Et
776 1085 810 1149 in
824 1083 886 1148 hac
902 1083 956 1148 die
970 1104 1071 1167 quam
1086 1091 1176 1147 tran·

277 1187 341 1252 situ
364 1205 457 1251 sacro
479 1184 569 1252 beati
592 1185 787 1251 confessoris
814 1185 864 1250 tui
887 1183 944 1250 ,ili
970 1182 1176 1249 consecrasti.
1273 1156 1318 1221 U·
1331 1156 1510 1225 D·aete¹'¹¹e
1525 1161 1618 1225 deus·
1659 1159 1706 1224 Et
1722 1160 1929 1225 maiestatem
1940 1170 2034 1225 tuam
2050 1181 2127 1244 sup·

277 1286 466 1371 Quesumus
491 1305 571 1370 ergo
593 1285 804 1350 dementiam
825 1293 928 1364 tuam,
943 1291 981 1347 ut
1000 1284 1060 1348 des
1082 1283 1177 1348 nobis
1228 1254 1305 1339 plici
1317 1256 1495 1324 deuotione
1507 1280 1653 1335 exorare,
1667 1268 1704 1324 ut
1718 1259 1891 1325 beatomm
1906 1260 2128 1326 confessorum

276 1387 365 1451 illam
384 1386 478 1468 sequi
493 1385 688 1464 doctrinam,
702 1405 804 1468 quam
819 1383 874 1449 ille
889 1393 924 1448 et
942 1383 1044 1448 uerbo
1064 1382 1178 1446 docuit
1229 1364 1362 1420 “mrum
1378 1357 1434 1422 dll-
1452 1379 1591 1442 (ΝΟΜ
1611 1358 1711 1425 hOdie
1733 1359 1818 1426 festa
1839 1359 2052 1437 celebramus,
2069 1360 2128 1425 Ob·

277 1495 310 1551 et
326 1505 425 1568 opere
442 1485 632 1568 compleuit,
649 1483 825 1568 Quafimus
844 1503 905 1548 „03
922 1482 1072 1548 adiuuari
1086 1483 1176 1565 ,pud
1229 1463 1325 1520 tentu
1350 1476 1534 1522 mereamur
1560 1469 1656 1524 tuum
1678 1458 1829 1526 obtinere
1850 1461 2023 1526 auxilium.
2068 1461 2130 1524 Per

277 1585 531 1651 misericordiam
549 1593 653 1659 tuam,
669 1593 704 1649 et
725 1582 887 1666 exemplis
906 1583 976 1647 eius
995 1582 1176 1647 sentiamus
1229 1552 1386 1621 ehnstum
1395 1555 1416 1624 ¹·

277 1695 310 1751 et
325 1685 458 1751 meritis.
503 1685 566 1750 Per
581 1684 739 1749 christum
749 1682 771 1748 ¹.
1583 1645 1775 1712 Benedictio.

1272 1766 1472 1834 Sanctorum
1503 1769 1725 1836 consessomm
1755 1780 1888 1836 tuorum
1916 1770 1972 1836 ,ili
2003 1771 2128 1834 meritis

627 1859 819 1926 Benedictio.
1227 1887 1289 1931 uos
1314 1868 1469 1934 dominus
1491 1869 1591 1935 iaciat
1613 1871 1774 1950 benedici,
1796 1879 1830 1936 et
1851 1879 1967 1936 contra
1988 1869 2129 1935 aduersa

319 1985 542 2070 Omnipotens
564 1984 717 2051 dominus
740 1986 797 2050 det
817 1984 913 2050 uobis
928 1985 1059 2067 copiam
1074 1983 1175 2049 bene·
1227 1968 1340 2032 Omnia
1355 1989 1468 2033 eorum
1483 1969 1715 2036 intercessione
1730 1969 1858 2034 muniri·
1902 1969 2025 2035 Amen·

276 2088 437 2166 dictionis,
450 2086 505 2169 qui
516 2085 653 2150 beatum
666 2084 722 2151 .r'll.
734 2084 796 2150 sibi
807 2085 952 2150 adsumit
963 2085 1085 2148 uirtute
1097 2101 1175 2148 con·
1271 2065 1398 2132 E⁰fu¹1¹
1425 2089 1486 2134 ΗΘΒ
1512 2068 1612 2134 faeiat
1637 2069 1829 2153 sufffflgatiO
1854 2067 1965 2134 felices
1978 2089 2127 2160 ,qu0fflm

276 2187 432 2252 sessionis,
476 2184 600 2251 Amen,
1225 2165 1416 2233 festiuitatis
1431 2169 1520 2234 diem
1536 2169 1711 2236 celebratis
1725 2178 1874 2235 ouantes.
1915 2168 2040 2233 Amen.

318 2287 364 2352 Et
379 2287 436 2369 qui
459 2285 552 2349 illum
567 2285 645 2350 iecit
667 2304 837 2350 coruscare
859 2283 1023 2349 miraculis
1038 2302 1099 2347 uos
1113 2303 1172 2347 ex·
1270 2265 1348 2350 QUO
1377 2289 1491 2334 mmm
1522 2269 1690 2335 imitantes
1724 2268 1881 2353 exempla
1910 2269 1953 2333 ad
1983 2267 2128 2334 caelessfia

276 2395 369 2452 ornet
384 2387 548 2451 bonorum
563 2404 700 2468 operum
715 2384 934 2450 incrementis.
978 2382 1102 2449 Amen
1226 2366 1399 2449 pemenire
1414 2369 1549 2451 P⁰³⁵iii⁸
1565 2371 1739 2452 Pmeiffi·
1783 2368 1907 2433 Amen·

318 2485 395 2570 Quo
410 2485 480 2551 eius
495 2493 530 2550 et
551 2483 715 2568 exemplis
738 2484 867 2562 eruditi,
883 2493 918 2549 et
940 2483 1174 2548 intercessione
1269 2465 1370 2550 QUOd
1384 2469 1454 2552 59⁵0
1469 2469 1646 2552 Psestssf⁸²·

277 2586 400 2665 muniti,
430 2585 521 2650 cuius
549 2583 764 2668 depositionis
793 2584 883 2649 diem
913 2582 1096 2660 celebratis,
1126 2581 1174 2647 illi
1523 2618 1584 2681 Ad
1600 2618 1829 2702 complendum·

275 2687 406 2770 possitis
421 2685 456 2749 in
471 2684 593 2750 caelesti
610 2684 744 2768 regione
758 2683 902 2768 adiungi.
945 2681 1069 2749 Amen.

318 2785 417 2871 Quod
433 2786 504 2869 ipse
519 2793 666 2868 prestare
675 2782 697 2848 ².
1270 2751 1427 2837 Corporis
1442 2754 1524 2820 sacri
1536 2765 1571 2821 et
1585 2755 1725 2840 preciosi
1736 2755 1905 2839 sanguinis
1917 2752 2033 2838 repleti
2045 2753 2127 2818 liba-

1226 2852 1326 2930 mine,
1353 2873 1541 2935 quesumus,
1568 2855 1703 2920 domine
1727 2856 1810 2920 deus
1832 2862 1954 2930 noster,
1977 2863 2014 2917 ut
2036 2853 2127 2936 quod

568 2958 629 3024 Ad
647 2958 878 3043 complendum.
1225 2953 1281 3036 pia
1296 2953 1474 3018 deuotione
1485 2955 1629 3037 gerimus
1640 2955 1918 3020 intercedentibus
1928 2953 2050 3018 sanctis
2061 2953 2128 3018 tuis

318 3086 452 3166 Praesta,
481 3105 669 3168 quesumus,
699 3085 911 3169 omnipotens
941 3084 1033 3161 deus,
1065 3094 1102 3148 nt
1131 3085 1175 3151 de
1228 3051 1285 3116 ἀἶ’
1302 3061 1393 3118 certa
1408 3054 1636 3138 redemptiffle
1650 3055 1830 3140 capiamus·
1872 3055 1959 3118 Per-⁷

275 3187 436 3270 perceptis
451 3185 641 3250 muneribus
656 3185 781 3268 gratias
796 3183 994 3250 exhibentes
1014 3184 1174 3249 beneficia

277 3288 403 3372 potiora
418 3305 597 3350 sumamus.
642 3283 728 3349 Pers

1396 3377 1439 3442 iu
1451 3380 1550 3442 mrsu
1563 3379 1711 3458 mertuum
1726 3383 1752 3443 rt
1766 3385 1925 3461 marturum
1932 3384 1953 3444 ⁸.

477 3587 486 3603 ,
603 3458 666 3524 Ad
677 3461 840 3544 populum
1094 3585 1101 3599 ,
1150 3584 1157 3599 ,
1270 3509 1372 3590 Deus,
1385 3512 1442 3595 qui
1464 3513 1549 3577 inter
1564 3520 1684 3578 caetera
1704 3513 1863 3596 potentiae
1878 3522 1946 3578 tuae
1962 3509 2127 3588 miracula,

318 3586 419 3665 Deus,
430 3607 487 3669 qur
503 3605 563 3650 nos
578 3595 767 3651 sanctorum
782 3592 914 3648 tuorum
926 3583 1102 3667 temporali
1117 3593 1173 3649 trr-
1225 3610 1328 3675 etiam
1351 3613 1385 3676 in
1406 3633 1490 3677 sexu
1512 3611 1620 3694 fragili
1643 3614 1814 3677 uictoriam
1841 3611 1989 3695 martyrii
2010 3618 2126 3676 contu.

276 3686 347 3750 bUis
361 3686 676 3751 ⁶⁰mm⁶m⁰f³ti⁰¹¹⁶
689 3684 843 3769 gandese’
856 3691 975 3766 prm
987 3703 1173 3766 quesumus,
1225 3710 1302 3786 listi,
1315 3710 1459 3776 concede
1470 3713 1642 3794 propitius,
1655 3721 1692 3778 ut
1707 3713 1799 3776 cuius
1814 3711 1965 3777 natalitia
1980 3711 2127 3788 colimus,

277 3793 312 3850 ut
332 3786 432 3850 beato
450 3785 507 3850 ill.
526 3784 712 3850 consessore
734 3793 793 3850 tuo
815 3783 1062 3861 interueniente,
1079 3783 1113 3848 in
1134 3805 1174 3898 ea
1226 3830 1285 3894 pe,
1300 3811 1370 3875 eius
1385 3811 1429 3875 ad
1444 3820 1478 3875 te
1493 3811 1650 3894 exempla
1664 3813 1861 3895 gradiamur·
1904 3812 1991 3875 pen,

277 3904 483 3950 numeremur
504 3893 592 3949 sorte
614 3883 738 3960 salutis,
755 3884 789 3947 in
812 3903 877 3966 qua
899 3881 947 3946 illi
969 3892 1046 3948 sunt
1067 3893 1174 3968 gratia
1267 3971 1270 3980 .

276 3994 332 4050 tua
345 3984 488 4068 gloriosi.
532 3983 603 4049 Per.
1632 3985 1724 4053 Alia.

1270 4107 1519 4192 Indulgentiam
1534 4111 1638 4188 nobis,
1653 4112 1795 4191 domine,
1811 4110 1910 4176 beata
1926 4109 1983 4176 ,ile
2000 4119 2125 4191 martyr

1225 4206 1388 4292 imploret
1408 4229 1484 4291 quae
1498 4210 1558 4274 tibi
1574 4220 1670 4296 grata
1685 4233 1816 4296 semper
1831 4211 1943 4276 extitit
1959 4221 1992 4275 et
2007 4211 2125 4274 merito

428 4266 470 4332 sti
482 4268 580 4332 “mh
594 4266 784 4350 immam
797 4266 994 4331 mmmmm
1002 4271 1022 4331 ³·
1225 4309 1397 4386 castitatis,
1413 4317 1448 4374 et
1463 4309 1665 4394 professione
1679 4313 1818 4376 uirtutis.
1863 4310 1949 4375 Pers

318 4400 420 4474 Deus,
442 4401 499 4484 qui
522 4421 582 4464 nos
604 4409 794 4465 sanctorum
818 4409 949 4463 tuorum
969 4397 1024 4464 ill.
1045 4397 1172 4462 conses—
1498 4465 1501 4474 ,

276 4499 418 4566 sionibus
433 4499 584 4583 gloriosis
598 4500 782 4564 circumdas
797 4509 830 4563 et
845 4499 1004 4582 protegis,
1019 4497 1063 4562 da
1078 4498 1173 4561 nobis
1523 4486 1606 4551 Alia
1626 4487 1825 4571 confessoris.

276 4609 309 4663 et
333 4619 446 4664 eorum
475 4600 660 4663 imitatione
690 4598 855 4683 proficere,
877 4607 912 4663 et
941 4597 1173 4663 intercessione
1269 4609 1403 4674 Exaudi
1420 4630 1480 4674 nos
1500 4609 1652 4676 salutaris
1672 4622 1793 4692 noster,
1807 4621 1845 4677 ut
1859 4611 1943 4675 sicut
1958 4609 2001 4673 de
2015 4609 2124 4673 beatae

276 4701 428 4782 gaudere.
475 4699 538 4763 Per
552 4699 723 4763 dominum
739 4706 912 4762 nostrumr
1224 4708 1281 4774 eil.
1296 4709 1477 4774 restiuitate
1491 4710 1685 4793 gaudemus,
1700 4713 1747 4777 ita
1768 4712 1834 4796 piae
1848 4709 2034 4776 deuotionis
2051 4729 2122 4774 eru-

1224 4809 1354 4874 diamur
1366 4809 1496 4875 affectu.
1542 4810 1604 4874 Per
1618 4811 1798 4878 dominum.

654 4872 795 4940 Secreta.

319 4997 466 5082 Suscipe,
493 4997 638 5076 domine,
661 5018 775 5083 preces
801 5009 835 5063 et
863 5017 999 5062 munera
1029 5017 1104 5081 quae
1135 5007 1173 5062 ut
1511 5032 1519 5050 .
1605 4983 1744 5052 Secreta.

1268 5104 1415 5192 Suscipe,
1442 5109 1585 5186 domine,
1612 5131 1748 5174 munera
1769 5130 1844 5194 quae
1871 5111 1904 5173 in
1934 5109 2042 5173 beatae
2066 5109 2122 5174 ‚ili

307 5219 316 5248 ¹
332 5220 363 5271 Ο.
374 5236 400 5286 p.
414 5221 469 5284 284.
844 5220 854 5250 ¹
871 5221 903 5273 0.
914 5237 940 5287 p.
952 5220 1009 5285 376.

307 5297 458 5362 ⁸(1udioent
470 5297 556 5349 sancti
781 5309 827 5348 nv.
844 5298 914 5349 Misit
932 5299 1017 5351 ihesus
1034 5300 1083 5353 .xii.
1101 5300 1172 5352 disei-
1256 5296 1315 5349 ¹0.
1326 5314 1350 5364 p.
1364 5299 1420 5362 284.
1812 5298 1871 5351 ¹0.
1883 5316 1908 5366 p.
1921 5297 1978 5364 ³⁷⁶·

332 5387 369 5428 νε.
381 5375 615 5427 Exultsbnntinsti.
879 5377 960 5443 pulos.
1256 5374 1411 5439 ⁸(Dilexisti
1421 5376 1549 5428 iustitiam.
1730 5388 1775 5430 ιν.
1786 5376 1873 5428 Simile
1887 5385 1926 5427 est
1942 5392 2046 5443 regnum
2057 5377 2123 5428 celo·

331 5465 373 5506 se.
385 5454 448 5505 Iusti
458 5462 549 5505 autem.
782 5466 825 5506 or.
838 5455 999 5508 Exultabnnt.
1280 5466 1322 5507 rr.
1334 5455 1452 5516 Domine,
1464 5455 1525 5506 deus
1536 5471 1612 5507 mens.
1828 5472 1882 5505 rum
1893 5455 2018 5508 thesauro.
2125 5493 2128 5498 -

330 5544 377 5584 os.
389 5533 550 5588 Exultnbum.
781 5545 825 5585 ce.
839 5535 974 5600 Egonos).
1281 5545 1327 5583 on.
1340 5533 1466 5584 Dilexisti.
1730 5545 1774 5586 or.
1786 5533 1926 5584 offerentur
1935 5534 2023 5586 minor.

331 5621 375 5662 At..
387 5611 451 5663 Iusti
462 5611 599 5677 epulentur.
1282 5622 1326 5662 nr..
1338 5610 1424 5678 Specie
1434 5618 1485 5664 tua.
1731 5623 1774 5665 co.
1785 5611 1923 5684 Dilexisti).
