5116 6608
942 607 1102 695 suberit
1127 609 1238 686 vetus
1264 609 1489 703 aucturum.

617 880 666 948 Ee
686 896 712 947 s.
728 881 875 962 umbrata.

330 1028 497 1108 ‘Deinceps
517 1029 647 1090 officium
662 1027 785 1090 babetur
799 1029 836 1089 de
851 1028 880 1089 S.
892 1027 1055 1107 Wigberto,
1070 1028 1186 1090 contes-

288 1143 363 1198 sore,
392 1125 443 1201 qui
471 1141 538 1184 cum
566 1123 730 1197 Bonilacio,
753 1122 947 1196 willibrordo,
976 1133 1005 1183 et
1032 1124 1120 1184 sociis
1148 1141 1185 1184 ex

286 1219 394 1298 Anglia
407 1229 535 1293 uenerat,
550 1228 582 1277 ut
598 1218 741 1295 intelligas
754 1235 819 1278 esse
832 1215 1064 1295 Anglicanum¹.'

423 1539 438 1594 Ι·
498 1501 612 1582 vtettta
632 1517 658 1568 s.
674 1502 809 1567 btutietit'
828 1504 996 1585 martyris&

661 1643 819 1732 [ColleclaJ.

325 1767 465 1830 Concede
487 1768 583 1841 nobis,
605 1787 773 1847 quesumus,
795 1769 984 1848 omnipotens
1012 1770 1092 1843 deus,
1115 1787 1185 1829 uen-

283 1873 378 1924 turam
399 1862 536 1922 bonifacii
555 1864 687 1941 martyris
701 1865 743 1923 tui
763 1883 798 1924 ac
819 1864 966 1941 pontificis
988 1875 1016 1924 et
1037 1865 1185 1925 sociorum

283 1957 346 2018 eius
372 1956 575 2017 solennitatem
600 1975 733 2035 congruo
757 1959 918 2035 praeuenire
941 1958 1064 2031 honore,
1086 1969 1114 2019 et
1133 1977 1184 2017 ue-

283 2051 413 2112 nientem
426 2051 516 2128 digrta
530 2049 675 2112 celebrare
690 2051 856 2113 deuotione.
898 2052 961 2113 Per.

630 2224 723 2303 Super
736 2208 835 2286 obluta.

322 2344 455 2416 Hostias,
483 2345 612 2418 domine,
640 2344 775 2404 altaribus
806 2345 864 2405 tuis
898 2343 1081 2418 adhibemus,
1110 2363 1184 2422 quas

282 2457 384 2500 eorum
401 2439 454 2500 tibi
475 2439 644 2517 patrociniis
665 2439 811 2500 credimus
832 2439 1093 2512 commendemus,
1108 2458 1183 2518 quo·

281 2553 346 2594 rum
370 2551 427 2594 nos
450 2534 568 2594 uoluisti
591 2535 668 2594 uotis
690 2534 728 2594 ad
750 2544 833 2594 tuam
859 2536 1012 2612 peruenire
1039 2535 1181 2597 notitiam.

281 2628 345 2690 Per.

655 2723 806 2803 Proesatt'o.

321 2840 360 2900 Et
379 2842 548 2902 uenientem
569 2841 695 2902 natalem
716 2842 794 2901 beati
813 2841 952 2902 bonifacii
976 2841 1122 2920 pontificis
1147 2858 1182 2902 ac

281 2936 427 2995 sociorum
453 2937 515 2995 eius
543 2935 641 2995 debita
668 2936 804 2995 seruitute
831 2936 993 3012 praeueniri,
1016 2934 1182 3014 suppliciter

281 3031 465 3090 obsecrantes
479 3040 511 3090 ut
530 3030 611 3108 ipsos
631 3031 710 3109 apud
724 3040 804 3118 tuam
820 3030 1005 3090 clementiam
1023 3031 1182 3091 sentiamus

281 3141 336 3184 nos
356 3123 463 3184 habere
483 3133 633 3202 patronos,
648 3141 724 3201 quos
737 3133 788 3183 tua
803 3124 895 3203 gratia
913 3124 1062 3202 largiente,
1075 3124 1181 3185 merui·

281 3235 346 3280 mus
360 3230 476 3279 aetemae
490 3219 591 3279 salutis
605 3219 751 3297 suscipere
764 3219 919 3280 ministros
963 3218 1027 3279 Per.

601 3393 654 3452 Ad
663 3393 854 3470 complendum.

318 3516 401 3577 Beati
416 3514 554 3575 bonifacii
575 3514 708 3593 martyris
722 3514 763 3573 tui
777 3524 866 3592 atque
880 3514 1034 3592 pontilicis,
1049 3513 1179 3588 domine,

277 3611 410 3689 precibus
435 3608 625 3682 confidentes,
642 3626 811 3686 quaesumus
832 3607 1015 3668 clementiam
1037 3618 1125 3680 tuam,
1147 3616 1180 3667 ut

277 3723 329 3782 per
343 3723 378 3765 ea
392 3722 458 3784 quae
474 3704 653 3781 sumpsimus
666 3703 796 3762 remedia
808 3712 917 3763 aeterna
931 3703 1088 3781 capiamus.
1114 3701 1178 3761 Per.

608 3869 702 3951 Super
709 3875 849 3951 populum.

318 3994 438 4070 Praesta,
451 4012 629 4074 quaesumus,
652 3994 780 4066 domine,
802 4005 910 4056 aeterne
930 3995 1054 4074 largitor,
1074 4016 1177 4060 eorum

277 4107 333 4151 uos
354 4091 462 4168 ubique
479 4090 528 4167 pia
546 4090 659 4168 protegi
674 4091 815 4161 oratione,
829 4107 954 4167 quorum
976 4091 1105 4153 natalitia
1125 4113 1177 4171 per

277 4183 340 4245 haec
354 4193 455 4245 sancta
470 4201 537 4263 quae
551 4184 730 4261 sumpsimus
744 4183 846 4244 uotiuo
860 4186 1055 4262 praeuenimus
1069 4186 1175 4248 officio.

277 4275 332 4338 Per
340 4278 359 4340 ¹.

530 4453 572 4520 ku
590 4455 636 4519 bit
656 4455 751 4521 sancti
770 4455 928 4521 hedistii&

652 4595 807 4683 [crusna

314 4719 406 4794 Deua,
425 4721 475 4799 qui
494 4720 708 4781 multitudinem
729 4719 906 4799 populorum
932 4721 1010 4782 beati
1036 4721 1176 4787 bonifacii

273 4815 419 4894 pontificis
443 4825 529 4893 atque
551 4815 684 4893 martyris
705 4813 746 4874 tui
766 4815 905 4876 instantia
931 4817 971 4876 ad
994 4819 1174 4894 agnitionem

274 4909 316 4970 tui
336 4909 430 4970 sancti
453 4909 582 4969 nominis
602 4926 710 4968 uocare
731 4907 867 4985 dignatus
887 4927 928 4982 es,
950 4911 1082 4972 concede
1105 4931 1174 4992 pro·

274 5003 361 5081 pitius
375 5014 407 5063 ut
423 5004 505 5064 cuius
525 5003 658 5064 solennia
678 5002 801 5064 colimus
823 5003 910 5062 etiam
931 5005 1091 5081 patrocinia
1107 5026 1174 5068 sen·

273 5099 388 5161 tiaram
430 5096 493 5158 Per.

619 5177 712 5259 Super
724 5181 824 5242 oblata.

314 5297 445 5377 Accepta
465 5299 501 5360 sit
515 5299 546 5359 in
560 5310 721 5378 conspectu
734 5312 795 5374 tuo,
810 5302 936 5375 domine,
951 5312 1058 5363 nostrae
1077 5302 1172 5363 bumi-

272 5392 358 5453 litatis
378 5393 497 5467 oblatio,
511 5404 541 5455 et
559 5395 652 5455 sancti
672 5397 804 5474 martyris
825 5406 914 5475 atque
926 5397 1073 5474 pontificis
1086 5398 1172 5457 boni-

305 5577 832 5645 ¹Nopartosthis0fiiceistranscribed.

305 5655 316 5685 ¹
331 5656 399 5723 Pege
412 5673 467 5712 aco.
907 5659 918 5690 ¹
934 5661 973 5714 ib.

2068 639 2140 712 309

1239 808 1305 870 iacii
1326 809 1377 871 fiat
1396 811 1608 891 supplicatione
1628 813 1761 877 ututarb
1784 832 1839 894 pro
1862 815 1944 879 cuius
1966 816 2141 883 solennitate

1239 912 1298 964 tute
1311 906 1452 966 maiestati
1467 905 1600 968 defertur.
1642 907 1705 969 Per.

1561 1080 1614 1140 Ad
1622 1083 1814 1160 complendum.

1280 1197 1433 1276 Supplices
1454 1207 1483 1260 te
1503 1217 1652 1278 rogamus,
1673 1203 1860 1280 omnipotens
1880 1202 1961 1278 deus,
1976 1213 2016 1278 ut,
2035 1217 2138 1268 sancto

1237 1290 1386 1351 bonifacio
1406 1293 1603 1354 intercedente
1623 1304 1748 1373 martyre
1767 1305 1819 1356 tuo
1840 1306 1927 1375 atque
1948 1299 2094 1376 pontifice,
2108 1301 2139 1360 in

1239 1386 1320 1444 cuius
1342 1384 1496 1447 iestiuitate
1515 1387 1580 1448 haec
1602 1388 1728 1449 caelestia
1748 1390 1927 1468 sumpsimus
1948 1403 2139 1467 sacramenta,

1238 1488 1268 1538 et
1281 1489 1330 1540 tua
1344 1481 1375 1537 in
1395 1481 1481 1541 nobis
1501 1481 1580 1541 dona
1597 1499 1713 1560 semper
1725 1484 1908 1562 multiplices,
1922 1495 1952 1546 et
1972 1488 2063 1548 uitam
2084 1507 2138 1550 no·

1238 1583 1327 1634 stram
1341 1575 1379 1634 ab
1393 1575 1475 1636 omni
1488 1575 1661 1638 aduersitate
1676 1577 1825 1641 delendas.
1865 1579 1930 1641 Per.

1574 1734 1665 1812 Super
1673 1737 1811 1814 populum

1279 1853 1374 1931 Super
1405 1855 1548 1932 populum
1575 1865 1668 1927 tuum,
1689 1875 1867 1935 quaesumus,
1896 1859 2025 1931 domiue,
2048 1861 2137 1920 inter·

1236 1949 1372 2008 ueniente
1392 1948 1480 2010 beato
1501 1948 1648 2010 bonifacio
1668 1962 1791 2029 martyre
1813 1964 1863 2013 tuo
1880 1963 1968 2032 atque
1988 1956 2136 2033 pontifice,

1236 2042 1400 2104 benedictio
1421 2044 1543 2121 copiosa
1563 2044 1731 2119 descendat,
1746 2045 1926 2125 indulgentia
1943 2051 2050 2125 ueniat,
2064 2069 2137 2110 con·

1237 2137 1341 2196 solatio
1374 2137 1521 2210 tribuatur,
1550 2137 1622 2200 fides
1649 2151 1749 2201 nostra
1776 2153 1947 2218 succrescat,
1974 2144 2136 2223 redemptio

1236 2232 1414 2308 sempiterna
1434 2231 1570 2294 firmetur.
1611 2231 1676 2293 Per.

1569 2463 1618 2528 ue
1638 2481 1666 2530 s.
1681 2465 1785 2529 albanu
1793 2468 1813 2531 ¹.

1558 2608 1611 2668 Ad
1619 2613 1810 2689 complendum.

1274 2725 1424 2788 Adiuuent
1458 2746 1522 2803 nos,
1561 2747 1728 2808 quesumus,
1764 2731 1883 2792 domine
1918 2731 1990 2794 deus
2028 2743 2136 2808 noster,

1234 2831 1352 2900 sumpta
1372 2824 1517 2902 mysteria,
1538 2833 1576 2896 et,
1596 2825 1793 2886 intercedente
1817 2828 1905 2887 beato
1927 2826 2034 2888 albano
2058 2846 2135 2888 mar-

1233 2927 1294 2996 tyre
1309 2927 1369 2990 tuo,
1385 2928 1525 2996 perpetua
1538 2935 1595 2980 nos
1608 2921 1792 2998 protectione
1805 2921 1978 2982 custodiant
2021 2918 2100 2984 Pert

1513 3147 1628 3230 Ulgssitt
1648 3164 1674 3215 s.
1690 3148 1801 3231 legltaat
1810 3153 1829 3214 ¹.

1607 3279 1765 3367 [Colleclap

1271 3399 1362 3475 Deus,
1384 3403 1435 3481 qui
1458 3413 1628 3464 sanctorum
1654 3416 1814 3484 martyrum
1838 3414 1954 3466 tuorum
1977 3403 2076 3466 kiliani
2103 3417 2133 3468 et

1231 3497 1379 3556 sociorum
1400 3498 1462 3558 eius
1483 3499 1631 3559 mentibus
1651 3495 1813 3582 uirtute[m]
1829 3501 1999 3561 constantiae
2017 3501 2047 3560 in
2066 3519 2133 3578 pas·

1230 3591 1314 3652 sione
1334 3592 1476 3670 aspirasti,
1491 3593 1621 3653 concede
1640 3595 1782 3672 propitius
1796 3605 1827 3655 ut
1849 3596 1933 3656 sicuti
1952 3595 2001 3669 illi,
2016 3596 2133 3657 deuicto

1230 3696 1449 3764 persequutore,
1464 3687 1598 3747 coronari
1618 3705 1636 3747 a
1657 3696 1686 3748 te
1705 3699 1881 3762 meruerunt,
1895 3690 1936 3750 ita
1954 3707 2010 3750 nos
2031 3708 2133 3750 eorum

1230 3781 1443 3840 interuentione
1467 3790 1517 3842 tua
1544 3799 1660 3860 semper
1681 3784 1862 3860 protectione
1887 3783 2013 3857 delendi,
2038 3793 2068 3845 et
2094 3785 2134 3844 ad

1229 3883 1346 3935 aeternae
1359 3875 1544 3936 beatitudinis
1557 3876 1665 3954 gaudia
1681 3878 1833 3956 peruenire
1851 3895 2024 3939 mereamur.
2066 3878 2134 3942 Per.

1579 4031 1670 4111 Super
1686 4033 1785 4094 oblata.

1269 4150 1428 4212 Offerimus
1442 4151 1502 4226 tibi,
1517 4153 1645 4227 domine,
1665 4163 1833 4214 sanctorum
1852 4162 1970 4215 tuorum
1988 4154 2088 4216 kiliani
2101 4167 2131 4216 et
2213 4209 2218 4222 .

1228 4251 1377 4310 sociorum
1394 4250 1456 4310 eius
1473 4250 1600 4310 natalitia
1620 4249 1783 4310 recolentes
1804 4250 1928 4310 solenne
1949 4250 2130 4325 sacrificium,

1227 4344 1392 4422 suppliciter
1406 4343 1595 4421 implorantes
1606 4355 1646 4418 ut,
1655 4346 1759 4405 iisdem
1774 4344 2027 4420 intercedentibus,
2042 4347 2129 4407 nobis

1227 4437 1266 4498 ad
1292 4448 1484 4515 augmentum
1512 4438 1613 4500 salutis
1641 4449 1758 4500 aetemae
1789 4439 1942 4517 peruenire
1973 4441 2130 4502 concedas.

1226 4531 1290 4593 Per.

1551 4614 1604 4674 Ad
1610 4615 1801 4692 complendum.

1268 4731 1384 4793 Caelesti
1410 4733 1641 4811 participatione,
1663 4734 1791 4807 domine,
1811 4734 1931 4795 recreati
1959 4735 2129 4813 suppliciter

1227 4846 1391 4897 exoramus,
1405 4838 1438 4886 ut
1451 4828 1534 4888 sicuti
1547 4837 1715 4888 sanctorum
1734 4827 1843 4907 kyliani
1857 4838 1888 4890 et
1901 4829 2048 4890 sociorum
2065 4830 2128 4891 eius

1226 4922 1300 4984 festa
1327 4921 1473 4982 celebrare
1499 4924 1672 5001 gaudemus,
1699 4924 1740 4984 ita
1766 4941 1868 4982 comm
1900 4923 2128 5001 suffragantibus

1226 5016 1334 5077 meritis
1347 5016 1433 5086 nobis
1448 5015 1570 5077 salutaoe
1584 5017 1634 5077 liat
1648 5027 1871 5079 sacramentum.
1913 5014 1978 5078 Per.

1518 5245 1627 5312 Natali
1647 5263 1674 5314 a.
1693 5247 1827 5313 litant&

1597 5381 1749 5461 Proesant.

1264 5499 1320 5562 Cui
1342 5500 1449 5560 sanctis
1468 5501 1526 5561 tuis
1546 5499 1665 5579 kyliano
1686 5512 1715 5562 et
1732 5503 1819 5563 sociis
1839 5504 1902 5564 eius
1922 5512 2033 5565 tantam
2054 5522 2125 5566 con-

1329 5663 1339 5692 ²
1355 5661 1423 5728 Pege
1435 5675 1491 5714 aot.
1970 5665 1981 5695 ¹
1996 5665 2036 5717 lb.
