5124 6608
666 547 766 642 feda
793 549 835 621 tt.
862 547 1029 633 §abbata

397 550 449 640 ,4

779 773 868 846 lictis
882 773 932 838 ἠΰ

542 903 604 970 Ad
614 916 763 971 sanctum
780 905 979 970 laurentium
996 905 1031 970 in
1047 904 1158 991 lucrirf.

442 1031 569 1096 Ieiunia
604 1040 724 1109 nostra,
755 1050 942 1113 quesumus,
977 1030 1120 1108 domine,
1155 1029 1302 1115 benigno

397 1130 510 1195 fauore
532 1151 739 1214 prosequere,
755 1139 793 1195 ut
811 1132 895 1196 sicut
919 1130 964 1195 ab
987 1129 1155 1195 alimentis
1176 1130 1209 1194 in
1230 1150 1301 1195 cor-

397 1252 486 1314 pore,
509 1233 557 1296 ita
582 1231 672 1296 uitiis
698 1219 882 1295 ieiunemus
909 1231 942 1294 in
974 1240 1096 1296 mente.
1157 1230 1220 1295 Per
1243 1232 1301 1297 do·

398 1330 548 1395 minum.t

780 1416 922 1482 Secreta.

440 1543 595 1628 Respice,
625 1543 769 1622 domine,
799 1542 960 1627 propitius
994 1541 1037 1606 ad
1072 1561 1208 1606 munera
1237 1563 1302 1626 que

396 1663 572 1720 sacramus,
588 1653 626 1708 ut
641 1653 675 1708 et
691 1643 751 1708 tibi
766 1651 862 1726 grata
884 1644 958 1723 sint,
975 1653 1007 1707 et
1031 1643 1126 1707 nobis
1147 1643 1302 1708 salutaria

395 1763 526 1827 semper
540 1744 698 1809 existant.
744 1737 828 1808 Per?

763 1905 938 1988 Profatio.

440 2030 485 2096 U.
501 2031 545 2094 D.
566 2050 627 2114 per
647 2026 808 2096 christum
831 2030 1006 2095 dominum
1030 2039 1190 2094 nostmm.
1235 2029 1302 2113 Qui

395 2131 439 2195 ad
462 2131 695 2194 insinuandum
718 2125 916 2197 humilitatis
938 2151 1006 2194 suae
1030 2131 1232 2212 mysterium,
1254 2129 1303 2193 sa-

395 2230 519 2312 tigatus
534 2230 657 2294 resedit
672 2230 715 2294 ad
734 2241 893 2312 puteum3
917 2231 972 2313 qui
991 2251 1012 2294 a
1036 2229 1171 2293 muliere
1192 2249 1301 2293 sama-

395 2330 605 2412 titaneaque
631 2329 692 2394 sibi
716 2330 812 2412 petiit
834 2330 954 2414 porrigi
977 2339 1102 2412 potum,
1126 2330 1239 2412 quiin
1262 2351 1302 2395 ea

394 2439 564 2494 creauerat
579 2429 656 2494 fidei
676 2430 811 2505 donum,
829 2430 876 2494 Et
894 2431 941 2495 ita
957 2428 1027 2501 eius
1041 2430 1131 2494 sitire
1146 2427 1301 2513 dignatus

395 2538 446 2594 est
472 2529 582 2606 fidem,
605 2538 642 2594 ut
666 2530 746 2594 dum
769 2530 813 2594 ab
836 2550 876 2594 ea
898 2551 1018 2612 aquam
1042 2539 1181 2615 peteret,
1203 2530 1236 2592 in
1262 2546 1302 2593 ea

394 2629 506 2711 ignem
535 2629 639 2694 diuini
668 2629 791 2693 amoris
819 2631 1025 2695 accenderet.
1081 2625 1300 2714 inploramus,

394 2729 515 2813 itaque,
545 2738 639 2793 tuam
672 2729 859 2794 inmensam
898 2728 1118 2808 clementiam,
1149 2738 1187 2794 ut
1224 2750 1301 2795 con-

393 2838 603 2910 tempnentes
622 2829 834 2893 tenebrosam
857 2829 1119 2912 profunditatem
1136 2827 1301 2908 uitiorum,

393 2937 427 2992 et
449 2927 672 3010 relinquentes
696 2928 871 2992 noxiarum
894 2924 1048 3010 hydriam
1072 2928 1301 3012 cupiditatum,

393 3036 427 3091 et
442 3036 485 3104 te,
501 3029 557 3110 qui
578 3026 652 3091 sons
672 3028 740 3110 uite
762 3038 796 3094 et
815 3028 907 3112 origo
928 3028 1088 3094 bonitatis
1109 3049 1153 3104 es,
1170 3048 1302 3112 semper

392 3127 552 3205 sitiamus,
575 3136 609 3192 et
632 3126 827 3193 ieiuniorum
855 3137 1041 3198 nostrorum
1065 3127 1301 3194 obseruatione

392 3226 453 3291 tibi
476 3225 677 3310 placeamus.
723 3226 785 3291 Per
808 3225 942 3310 quemi.

692 3383 754 3448 Ad
771 3381 999 3466 complendum.

438 3507 549 3572 Huius
565 3529 634 3584 nos,
647 3509 791 3586 domine,
805 3510 977 3592 perceptio
992 3510 1189 3575 sacramenti
1205 3529 1300 3574 mun·

391 3607 451 3672 det
479 3628 500 3672 a
526 3607 670 3686 crimine,
696 3618 730 3674 et
756 3609 800 3672 ad
829 3609 975 3675 caelestia
1004 3629 1105 3694 regna
1130 3611 1299 3692 perducat.

393 3703 477 3772 Pers
1238 3714 1241 3720 ’

728 3791 789 3858 Ad
798 3789 963 3879 populum.

437 3918 570 3997 Praesta,
584 3939 774 4002 quesumus,
788 3921 1000 4003 omnipotens
1023 3922 1113 4001 deus,
1129 3931 1166 3986 ut
1186 3923 1242 4005 qui
1265 3923 1299 3986 in

392 4027 451 4082 tua
469 4020 675 4100 protectione
697 4020 902 4099 confidimus,
924 4030 1045 4085 cuncta
1066 4022 1162 4085 nobis
1182 4023 1299 4086 aduer-

393 4119 509 4196 santia,
536 4127 570 4183 te
599 4119 787 4196 adiuuante,
811 4119 992 4184 uincamus.
1039 4115 1101 4186 Per
1126 4121 1297 4186 dominum

391 4228 566 4284 nostrum

760 4379 922 4445 Sabbata&

626 4510 688 4575 Ad
706 4522 854 4578 sanctam
874 4533 1063 4578 susannam.

437 4640 571 4721 Praesta,
586 4661 775 4724 quesumus,
792 4644 1004 4728 omnipotens
1022 4643 1114 4722 deus,
1129 4651 1167 4708 ut
1187 4645 1244 4727 qui
1260 4665 1296 4708 se

425 4814 434 4845 ¹
450 4828 475 4866 a
492 4815 542 4865 Fae
554 4830 659 4874 mesura,
672 4816 780 4867 domine.

453 4905 484 4942 1²s
504 4893 608 4955 Inclina,
622 4893 729 4944 domiue.

452 4984 478 5023 ι.
493 4971 525 5021 ln
536 4973 584 5022 deo
596 4972 713 5038 spemuit.

452 5061 478 5101 v.
493 5050 535 5099 Ad
544 5057 577 5110 te,
586 5049 694 5111 domine,
704 5049 818 5103 omui.

452 5139 495 5179 οῖ.
510 5128 614 5178 Intmde
626 5129 691 5180 uoci.

424 5203 436 5234 ²
451 5205 483 5257 0.
494 5222 520 5271 p.
533 5219 588 5268 30⁵·
600 5206 628 5256 7.

424 5283 435 5314 ⁸
450 5295 477 5334 a
492 5283 576 5332 Verba
587 5283 761 5335 messoribus

452 5371 490 5410 rs
499 5360 553 5411 Rex
561 5367 666 5419 merset
673 5361 734 5412 deus
743 5377 819 5413 meus.

453 5450 479 5488 ι,
493 5437 519 5488 Si
531 5438 667 5490 ambulem.

453 5525 481 5565 v.
496 5514 574 5580 Virga
585 5523 637 5566 tua.
743 5561 748 5570 .
770 5563 772 5570 .

453 5602 496 5644 or.
511 5591 615 5644 Grersus
626 5608 700 5646 meos

902 4829 968 4869 corr.
984 4817 1034 4881 Qui
1045 4817 1136 4868 biberit
1147 4833 1246 4883 aquam

903 4898 973 4961 (ue.
985 4895 1018 4948 ln
1034 4895 1122 4946 diebus
1139 4895 1189 4946 illis
1206 4912 1295 4946 conne-

998 4980 1087 5024 uerunt
1098 4973 1144 5024 filii
1156 4973 1236 5025 israel.

900 5061 947 5102 nu.
963 5051 1038 5102 Venit
1057 5051 1140 5102 ibesus
1159 5053 1185 5102 in
1206 5052 1294 5102 ciuita-

998 5139 1050 5181 tem
1062 5129 1187 5197 samarie).

899 5295 965 5336 cort.
981 5285 1065 5334 Nemo
1074 5291 1099 5334 te
1110 5283 1294 5336 condemnauit.

899 5363 970 5424 (tae.
985 5364 1046 5414 Erat
1058 5362 1097 5414 uir
1108 5363 1135 5412 in
1146 5363 1271 5414 babilone.

899 5451 944 5493 av.
959 5441 1067 5492 Perrexit
1083 5441 1167 5492 ihesus
1184 5441 1209 5490 lo
1222 5456 1292 5491 mon·

997 5521 1068 5584 um).
1114 5571 1118 5578 ,

1685 549 1857 628 munima
1882 553 1925 627 u.

1353 749 1531 835 affligendo
1553 773 1650 818 carne
1668 753 1711 818 ab
1726 754 1891 822 alimentis
1906 754 2083 836 abstinent,
2098 761 2257 825 sectando

1354 851 1512 917 iustitiam
1527 873 1549 917 a
1564 852 1661 936 culpa
1682 854 1838 920 ieiunent.
1884 856 1947 921 Per
1961 856 2159 921 dominum?

1734 994 1876 1062 Secreta.

1399 1116 1562 1197 Concede,
1574 1141 1761 1204 quesumus,
1776 1123 1988 1206 omnipotens
2003 1125 2093 1203 deus,
2109 1135 2145 1191 ut
2159 1124 2256 1192 huius

1354 1218 1502 1283 sacrificii
1518 1240 1637 1283 munus
1653 1221 1802 1286 oblatum
1818 1223 2030 1306 fragilitatem
2050 1234 2197 1290 nostram
2212 1227 2256 1291 ab

1354 1318 1444 1382 omni
1461 1319 1550 1384 malo
1564 1330 1683 1404 purget
1699 1341 1831 1406 semper
1845 1334 1881 1389 et
1895 1325 2032 1388 muniat.
2077 1324 2165 1390 Pero

1715 1471 1888 1554 Praefatio.

1398 1593 1442 1658 U.
1466 1593 1509 1656 D.
1532 1604 1655 1660 aeterne
1677 1597 1769 1661 deus.
1814 1597 1880 1681 Qui
1908 1599 2018 1664 ieiunii
2042 1599 2256 1683 quadragesi·

1355 1692 1450 1756 malis
1471 1693 1705 1759 obseruatione
1727 1697 1759 1760 in
1783 1718 1899 1780 moyse
1922 1709 1956 1764 et
1975 1695 2062 1764 helia
2084 1700 2254 1776 dedicasti,

1354 1803 1388 1857 et
1410 1793 1443 1856 in
1466 1793 1637 1877 unigenito
1659 1795 1727 1860 lilio
1752 1806 1820 1876 tuo,
1842 1798 1924 1881 legis
1954 1809 1989 1864 et
2018 1798 2254 1883 prophetarum

1355 1902 1606 1976 nostrorumque
1615 1895 1764 1960 omnium
1775 1899 1921 1975 domino,
1933 1900 2111 1964 exornasti.
2144 1898 2254 1964 Tuam

1354 1991 1453 2074 igitur
1479 1994 1663 2058 inmensam
1693 1996 1877 2063 bonitatem
1907 1998 2073 2082 supplices
2103 2001 2254 2082 exposci·

1354 2112 1437 2171 mus,
1452 2102 1490 2158 ut
1505 2090 1595 2176 quod
1610 2093 1666 2159 ille
1680 2094 1747 2179 iugi
1763 2096 1944 2179 compleuit
1966 2097 2160 2162 ieiuniorum
2176 2119 2254 2163 con-

1353 2192 1546 2268 tinuatione,
1563 2214 1623 2258 nos
1645 2191 1828 2277 adimplere
1847 2197 2026 2276 ualeamus,
2042 2197 2128 2262 illius
2150 2200 2254 2264 adiuti

1353 2291 1537 2374 largissima
1559 2294 1777 2372 miseratione,
1802 2305 1836 2360 et
1858 2296 2079 2380 adimplentes
2109 2319 2149 2363 ea
2179 2319 2255 2382 quae

1353 2392 1501 2475 precipit,
1532 2393 1621 2458 dona
1653 2396 1822 2478 percipere
1856 2417 2040 2461 mereamur
2071 2418 2148 2481 quae
2179 2419 2256 2483 pro·

1353 2491 1452 2556 misit.
1498 2491 1561 2557 Per
1575 2513 1676 2578 quem
1691 2496 1901 2562 maiestatem
1911 2495 1931 2559 ¹.

1653 2637 1714 2706 Ad
1731 2639 1957 2726 complendum.

1397 2762 1595 2846 Quesumus,
1626 2768 1838 2848 omnipotens
1868 2769 1959 2845 deus,
1988 2778 2026 2832 ut
2062 2766 2148 2834 inter
2184 2770 2255 2834 eius

1353 2853 1504 2916 membra
1525 2872 1743 2932 numeremur,
1765 2855 1858 2919 cuius
1880 2855 2009 2939 corpori
2035 2858 2255 2922 communica-

1354 2983 1427 3028 mus
1444 2974 1477 3029 et
1492 2965 1653 3048 sanguini.
1698 2966 1785 3031 Pera

1683 3109 1746 3178 Aa
1756 3113 1920 3196 populum.

1395 3229 1567 3314 Pretende,
1605 3237 1748 3316 domine,
1786 3237 1940 3304 fidelibus
1975 3240 2042 3303 tuis
2079 3240 2252 3305 dexteram

1352 3334 1492 3400 caelestis
1518 3336 1643 3414 auxilii,
1666 3346 1704 3402 ut
1727 3349 1760 3402 et
1782 3349 1817 3404 te
1843 3341 2037 3405 totocorde
2062 3340 2254 3424 perquirant

1352 3443 1385 3596 {t
1416 3454 1492 3517 quae
1525 3436 1625 3521 digne
1655 3438 1832 3520 postulant,
1863 3440 2019 3523 consequi
2057 3450 2252 3505 mereantur.

1379 3546 1439 3598 ert

1689 3705 1843 3769 doninica
1857 3705 1921 3770 iiii.¹

1605 3830 1715 3896 Statio
1736 3831 1784 3896 ad
1800 3831 2004 3897 hr‘emsalem.

1396 3951 1585 4032 concaua,
1601 3969 1813 4034 Quasuuus
1830 3969 2072 4022 ouunorsus
2091 3967 2198 4032 usus,
2214 3967 2250 4020 ut

1350 4057 1475 4138 quiex
1503 4056 1621 4121 merito
1651 4065 1774 4121 nostrae
1803 4056 1942 4121 actionis
1971 4055 2155 4139 affligimur,
2184 4065 2251 4120 tuae

1350 4155 1468 4238 gratiae
1484 4155 1711 4221 consolatione
1728 4157 1934 4238 respiremus.
1980 4155 2066 4220 Pero

1731 4299 1870 4365 Secreta.

1395 4423 1569 4489 Sacrificiis
1591 4424 1807 4509 presentibus,
1830 4424 1974 4503 domine,
1996 4445 2185 4508 quesumus,
2200 4424 2248 4488 in-

1349 4525 1449 4590 tende
1471 4523 1630 4608 placatus,
1645 4536 1682 4591 ut
1705 4536 1738 4591 et
1753 4527 1922 4590 deuotioni
1941 4535 2061 4590 nostrae
2076 4523 2250 4610 proficiant

1349 4635 1383 4691 et
1401 4625 1510 4690 saluti.
1556 4623 1642 4690 Pers

1708 4749 1881 4833 Prafotio.

1392 4873 1436 4938 U.
1452 4871 1496 4935 D.
1511 4882 1635 4937 aeteme
1649 4873 1742 4937 deus.
1787 4871 1834 4938 Et
1849 4882 1885 4938 te
1900 4880 2082 4936 creatorem
2099 4869 2248 4934 omnium

1379 5047 1388 5078 ¹
1404 5049 1436 5100 Ο.
1449 5065 1473 5114 p.
1487 5047 1543 5112 306.
1555 5049 1582 5100 Ζ.

1378 5124 1389 5155 ¹
1404 5139 1431 5178 Α,
1445 5127 1542 5177 Laetare
1552 5125 1707 5176 bimuralem.

1406 5217 1442 5256 rs
1457 5205 1567 5255 Laetatus
1578 5219 1641 5256 sum.

1405 5296 1431 5334 rt.
1445 5283 1557 5334 laetatus
1568 5297 1630 5334 sum.

1404 5373 1430 5412 ν.
1447 5360 1504 5412 Fiat
1515 5376 1572 5426 pu.

1405 5451 1449 5491 τι.
1464 5438 1515 5503 Qui
1526 5437 1658 5490 confidunt.

1404 5528 1431 5568 ν.
1446 5516 1547 5567 Montes
1557 5515 1590 5566 in.

1405 5606 1430 5646 v.
1443 5594 1555 5645 circuitu
1565 5593 1625 5646 eius.

1860 5136 1903 5175 or.
1919 5123 2030 5176 hudate
2040 5123 2170 5174 domiuum
2181 5124 2248 5190 qnia.

1856 5215 1922 5254 corr.
1938 5203 2086 5254 Herusalem
2097 5218 2152 5269 que.

1856 5283 1910 5346 (ιν.
1930 5282 2054 5346 Scriptum
2075 5291 2113 5330 est
2130 5279 2249 5347 quoniam

1953 5358 2082 5410 abraham.

1855 5448 1899 5488 ιν.
1914 5435 1985 5487 Abiit
1999 5436 2082 5486 iberus
2100 5443 2167 5486 πω
2180 5449 2249 5486 mare

1952 5513 2071 5580 guum).
