5122 6610
401 579 472 668 164
588 575 717 671 vigata
735 576 819 665 ὦῶ.
837 580 988 668 §imonis
1006 593 1034 657 tt
1051 583 1155 658 luta.

757 779 930 863 Prasatio

440 900 485 966 U.
519 900 563 965 D.
594 912 717 968 aeterne
750 904 842 969 deus.
902 905 949 971 Et
976 914 1012 972 te
1041 906 1075 972 in
1105 915 1295 974 sanctorum

393 1007 527 1065 tuorum
549 1004 674 1068 meritis
694 1002 846 1087 gloriosis
868 1005 1075 1087 conlaudare,
1092 1006 1296 1086 benedicere,

394 1109 430 1165 et
447 1102 625 1183 predicare,
643 1103 710 1188 Qui
733 1124 790 1168 eos
812 1104 1008 1171 dimicantes
1031 1114 1145 1172 contra
1166 1108 1294 1191 antiqui

394 1203 556 1284 serpentis
568 1204 841 1282 machinamenta,
855 1216 889 1271 et
903 1206 1026 1289 proprii
1042 1208 1186 1289 corporis
1200 1207 1294 1271 blan-

393 1300 542 1366 dimenta
558 1303 808 1387 inexpugnabili
825 1305 955 1384 uirtute,
971 1326 1030 1370 rex
1053 1306 1175 1388 gloriae,
1197 1308 1293 1371 robo-

393 1401 484 1464 rasti.
530 1401 586 1466 Ex
609 1404 728 1487 quibus
747 1405 866 1469 beatus
886 1404 976 1470 lucas
992 1404 1194 1488 euangelista
1209 1415 1293 1485 tuus,

392 1511 565 1586 assumpto
586 1511 681 1568 scuto
703 1503 788 1580 fidei,
812 1513 846 1568 et
867 1505 963 1589 galea
984 1505 1107 1586 salutis,
1126 1515 1159 1571 et
1181 1504 1293 1589 gladio

392 1600 525 1684 spiritus
542 1603 656 1683 sancti,
670 1611 703 1667 et
719 1602 854 1669 uiriliter
871 1613 986 1670 contra
1007 1606 1159 1670 uitiorum
1180 1604 1294 1670 hostes

392 1703 562 1786 pugnauit,
582 1713 617 1768 et
639 1703 829 1787 euangelice
847 1704 943 1769 nobis
963 1705 1147 1770 dulcedinis
1169 1704 1293 1769 fluenta

392 1803 552 1867 manauit.
605 1801 728 1868 Unde1
753 1804 907 1886 petimus,
934 1806 1077 1882 domine,
1108 1806 1292 1869 inmensam

391 1902 551 1984 pietatem
567 1913 667 1980 tuam,
679 1914 717 1968 ut
730 1905 787 1987 qui
803 1924 879 1969 eum
891 1913 943 1969 tot
958 1907 1149 1969 meritorum
1161 1906 1292 1970 donasti

391 2003 629 2085 praerogatiuis‚
654 2024 713 2067 nos
736 2005 805 2068 eius
828 2013 861 2068 et
884 2004 1040 2070 informes
1066 2004 1238 2087 exemplis,
1259 2014 1293 2069 et

390 2101 528 2166 adiuues
558 2103 693 2167 meritis.
752 2103 815 2168 Per
843 2102 1001 2169 christum
1030 2105 1203 2169 dominum
1233 2124 1292 2169 no·

390 2199 546 2268 strum¹².
1259 2195 1260 2202 ἵ

693 2305 755 2370 Ad
764 2305 991 2390 complendum.

436 2429 569 2508 Praesta,
581 2451 766 2513 quesumus,
778 2432 987 2515 omnipotens
999 2432 1090 2508 deus,
1102 2440 1140 2498 ut
1152 2432 1185 2497 id
1201 2432 1290 2516 quod

390 2529 434 2593 de
443 2538 558 2593 sancto
567 2530 662 2594 altari
673 2539 731 2594 tuo
740 2532 920 2614 accipimus
929 2532 1081 2614 precibus
1089 2531 1291 2616 euangeliste

389 2630 439 2694 tui
457 2628 530 2710 luce
547 2630 730 2695 sanctificet
749 2631 878 2696 animas
896 2639 1034 2711 nostras,
1048 2650 1108 2714 per
1122 2631 1211 2715 quod
1227 2631 1290 2697 tuti

389 2749 464 2794 esse
478 2729 653 2814 possimus.
699 2730 762 2794 Per
770 2728 793 2798 ³.

398 2993 467 3060 tau.
481 2993 542 3059 leat.
554 3013 623 3061 ma
650 2993 770 3075 mam
784 2997 983 3078 apostulorum
995 2997 1120 3062 rimaris
1134 3001 1162 3061 rt
1175 2995 1275 3062 iubat

433 3140 598 3221 Concede,
616 3163 803 3226 quesumus,
819 3142 1030 3227 omnipotens
1044 3143 1138 3220 deus,
1151 3150 1188 3207 ut
1204 3143 1289 3208 sicut

385 3241 612 3324 apostolorum
636 3252 767 3307 tuorum
789 3242 934 3325 gloriosa
957 3242 1107 3307 natalitia
1128 3242 1291 3326 praeuenis

386 3361 469 3420 mus,
482 3342 529 3407 sic
547 3343 590 3406 ad
603 3351 661 3406 tua
675 3341 835 3406 beneficia
846 3341 1064 3426 promerenda
1080 3343 1287 3406 maiestatem

385 3449 479 3508 tuam
491 3462 552 3525 pro
566 3442 662 3508 nobis
677 3442 739 3525 ipsi
753 3441 968 3526 praeueniant.
1006 3442 1069 3506 Per
1083 3442 1254 3507 dominum
1264 3440 1287 3506 ⁵.

767 3631 910 3696 Secreta.

429 3757 623 3823 Muneribus
639 3757 767 3834 nostris,
781 3758 924 3834 domine,
941 3757 1188 3842 apostolorum⁰
1203 3757 1287 3823 festa

384 3859 600 3943 precedimus,
624 3856 791 3921 humiliter
814 3858 1019 3940 postulantes
1045 3866 1082 3922 ut
1107 3878 1182 3941 quae
1209 3877 1287 3922 con-

384 3959 531 4024 scientiae
551 3965 671 4022 nostrae
689 3953 936 4040 praepediuntur
954 3957 1133 4022 obstaculis
1156 3957 1285 4022 illorum

385 4058 511 4124 meritis
525 4067 622 4140 grata
636 4056 825 4122 reddantur.
871 4056 943 4121 Per.

750 4249 924 4332 Proesatio.

429 4375 473 4441 U.
497 4375 541 4439 D.
564 4385 687 4440 aeterne
710 4375 800 4440 deus.
845 4374 932 4459 Quia
952 4382 989 4439 tu
1012 4394 1047 4438 es
1069 4373 1226 4439 mirabilis
1251 4375 1284 4440 in

382 4476 537 4541 omnibus
559 4475 680 4540 sanctis
702 4475 776 4554 tuis,
799 4495 882 4558 quos
905 4483 939 4538 et
963 4475 1106 4538 nominis
1130 4474 1178 4539 tui
1205 4495 1284 4539 con-

383 4575 526 4640 sessione
554 4574 738 4659 praeclaros,
769 4584 803 4639 et
838 4583 992 4656 suscepta
1020 4593 1081 4656 pro
1111 4584 1145 4638 te
1179 4572 1286 4639 fecisti

383 4677 538 4758 passione
566 4674 735 4758 gloriosos.
788 4674 890 4739 Unde
920 4675 1003 4738 sicut
1033 4673 1080 4737 illi
1110 4673 1286 4738 ieiunando

383 4773 575 4859 orandoque
595 4783 810 4852 certauerunt,
826 4784 863 4839 ut
882 4773 967 4837 hanc
985 4782 1121 4857 possent
1137 4773 1286 4838 obtinere

384 4876 565 4953 uictoriam,
588 4875 635 4938 ita
657 4894 717 4938 nos
740 4893 853 4937 eorum
877 4873 1041 4957 exemplis
1066 4873 1286 4961 informemur,

383 4984 422 5041 ut
450 4975 495 5039 ad
529 4973 724 5040 celebranda
756 4972 945 5060 presentia⁷
977 4972 1064 5038 festa
1097 4973 1207 5038 idonei
1238 4974 1286 5037 in·

415 5183 444 5214 ¹·¹
462 5182 497 5234 So
510 5181 550 5242 0;
565 5198 612 5233 om,
623 5180 655 5230 V.

415 5261 473 5314 Ὀ.
484 5277 509 5328 p.
521 5261 583 5323 ³383
596 5260 628 5311 Y.
640 5258 684 5311 iol.
694 5272 770 5322 ¹²72
782 5258 810 5313 Z.

412 5340 467 5392 4Α.
480 5339 747 5402 lutretincouspectu.
893 5347 920 5387 v.
933 5334 1204 5386 Posueruntmortalla.

440 5430 478 5470 Ps.
490 5419 567 5476 Deus,
576 5421 704 5468 uenerunt.
892 5427 936 5466 οῖ.
947 5414 1101 5464 Exultabunt
1113 5413 1199 5464 sancti.

441 5496 674 5552 uindimdomine.
892 5503 935 5544 cn.
949 5492 1074 5542 Iustorum
1085 5491 1182 5541 mima.

416 5575 427 5606 ⁵
442 5575 472 5625 E.
484 5591 509 5640 p.
520 5589 564 5639 145
575 5591 581 5634 ;
592 5575 623 5627 Y.
636 5574 679 5626 iol.
691 5574 770 5640 1271).
877 5572 889 5604 ⁸
906 5585 925 5624 ÷
938 5571 1041 5624 simonis
1052 5578 1076 5622 et
1087 5568 1152 5620 iudae
1163 5568 1194 5620 E.

416 5651 427 5684 '
442 5663 546 5706 uentura
556 5654 589 5706 0.

1054 5256 1214 5322 'Ebur-

1586 584 1674 673 50}-
1693 586 1844 674 §tneor
1861 599 1890 662 tt
1906 587 2011 663 lube.

1349 785 1528 865 ueniamur,
1543 794 1578 852 et
1592 787 1635 851 ad
1651 793 1774 851 aeterna
1788 785 2006 871 percipienda,
2021 808 2135 854 eorum
2150 788 2250 856 inter·

1348 895 1457 964 uentu,
1474 886 1565 970 digni
1580 885 1771 951 iudicemur.
1821 885 1884 951 Per
1898 885 2056 952 christum
2064 885 2086 953 ¹.

1649 1074 1711 1143 Ad
1724 1077 1952 1161 complendum.

1392 1199 1545 1287 Sumpto,
1566 1201 1709 1282 domine,
1736 1214 1951 1284 sacramento,
1973 1203 2165 1290 suppliciter
2190 1207 2248 1273 de-

1346 1320 1526 1384 precamur,
1558 1310 1604 1381 ut,
1632 1301 1909 1368 intercedentibus
1945 1303 2052 1370 beatis
2088 1308 2248 1390 apostolis

1346 1401 1421 1479 tuis,
1437 1402 1527 1484 quod
1543 1401 1771 1486 temporaliter
1788 1402 1933 1485 gerimus
1950 1405 1994 1469 ad
2013 1405 2116 1471 uitam
2138 1407 2246 1490 capia·

1347 1519 1420 1565 mus
1435 1509 1605 1567 aeternam.
1652 1501 1714 1566 Per
1728 1501 1901 1566 dominum
1911 1500 1934 1566 ².

1425 1771 1471 1839 U.
1488 1773 1548 1840 lut
1561 1791 1630 1840 mn.
1659 1773 1869 1858 spirantum
1882 1777 2013 1859 sumno
2028 1782 2056 1842 rt
2069 1778 2169 1846 ἕπε’.

1388 1907 1504 1989 DEUS,
1516 1922 1583 1987 QUI
1600 1923 1671 1975 NOS
1687 1924 1756 1974 PER
1768 1925 1909 1978 BEATOS
1925 1925 2246 1980 APOSTOLOS'TUOS

1345 2004 1531 2074 ⁴simonem
1552 2019 1586 2074 et
1608 2011 1721 2075 iudam
1730 2009 1753 2091 ⁴,
1773 2013 1817 2077 ad
1839 2013 2043 2095 agnitionem
2067 2013 2115 2078 tui
2141 2013 2246 2080 sancti

1345 2109 1488 2172 nominis
1502 2109 1614 2175 uenire
1629 2110 1780 2190 tribuisti,
1795 2113 1839 2176 da
1855 2112 1950 2176 nobis
1972 2132 2086 2177 eorum
2105 2112 2246 2195 gloriam

1344 2207 1578 2290 sempiternam
1603 2217 1637 2275 et
1666 2210 1868 2293 proficiendo
1899 2210 2064 2276 celebrare
2095 2221 2130 2277 et
2160 2211 2246 2278 cele·

1344 2306 1471 2371 brando
1484 2307 1653 2391 proficere.
1697 2309 1760 2375 Per
1776 2310 1982 2376 dominum⁵.

1721 2514 1862 2582 Secreta.

1387 2635 1544 2719 Gloriam,
1559 2639 1702 2719 domine,
1717 2649 1907 2706 sanctorum
1927 2641 2153 2724 apostolorum
2171 2663 2244 2726 per-

1342 2747 1477 2822 petuam
1509 2751 1713 2818 uenerantes,
1747 2760 1934 2825 quesumus,
1964 2752 2002 2807 ut
2037 2763 2112 2807 eam
2145 2745 2244 2808 sacris

1343 2841 1507 2921 mysteriis
1519 2840 1645 2923 expiati
1652 2841 1790 2924 dignius
1805 2840 2019 2907 celebremus.
2061 2843 2124 2908 Per
2137 2843 2243 2909 domi-

1342 2957 1421 3002 num
1437 2940 1618 3004 nostruml.

1700 3059 1875 3143 Proesatio.

1382 3183 1424 3250 U.
1439 3183 1481 3250 D.
1496 3194 1619 3249 aeterne
1634 3186 1724 3251 deus.
1753 3184 1805 3250 Te
1820 3185 1853 3249 in
1869 3195 2001 3250 tuorum
2015 3185 2243 3268 apostolorum

1339 3283 1560 3368 glorificantes
1582 3284 1716 3366 honore,
1739 3285 1795 3368 qui
1818 3294 1852 3349 et
1879 3283 1942 3349 illis
1968 3285 2111 3349 tribuisti
2137 3286 2242 3351 beati·

1339 3386 1489 3451 tudinem
1501 3385 1746 3468 sempiternam,
1763 3385 1809 3450 Et
1827 3383 2009 3448 infirmitati
2024 3395 2145 3450 nostrae
2161 3386 2242 3451 talia

1339 3485 1522 3568 praestitisti
1534 3484 1698 3568 suffragia,
1708 3505 1767 3568 per
1778 3504 1843 3567 que
1855 3493 1913 3548 tua
1924 3484 2089 3568 possimus
2104 3486 2241 3570 adipisci

1339 3584 1485 3650 subsidia
1500 3594 1534 3649 et
1548 3585 1719 3668 peruenire
1734 3584 1777 3660 ad
1792 3584 1919 3668 premia
1935 3584 2142 3667 repromissa.
2179 3586 2242 3651 Per

1339 3685 1497 3750 christum
1506 3685 1529 3753 ⁷.

1640 3805 1702 3871 Ad
1712 3803 1938 3888 complendum.

1382 3931 1556 4015 Perceptis,
1580 3931 1724 4010 domine,
1750 3929 1965 3995 sacramentis
1993 3929 2185 4014 suppliciter
2205 3939 2241 3995 te

1338 4053 1501 4118 rogamus,
1517 4043 1563 4111 ut,
1578 4031 1857 4096 intercedentibus
1872 4030 1978 4093 beatis
1998 4029 2159 4113 apostolis
2173 4030 2240 4093 tuis

1338 4154 1477 4216 symone
1491 4142 1525 4198 et
1540 4132 1627 4210 iuda,
1638 4151 1713 4213 quae
1728 4150 1789 4212 pro
1804 4129 1933 4193 illorum
1951 4131 2139 4194 ueneranda
2153 4129 2238 4213 geri·

1338 4253 1411 4298 mus
1426 4233 1578 4317 passione
1590 4230 1685 4295 nobis
1699 4229 1874 4313 proficiant
1883 4229 1928 4293 ad
1941 4229 2116 4296 medelam.
2146 4228 2208 4294 Per
2215 4227 2239 4298 ⁸.

1672 4417 1703 4484 Α
1708 4415 1735 4480 d
1739 4417 1902 4502 populum.

1381 4545 1516 4611 Exaudi
1539 4565 1610 4623 nos,
1629 4544 1711 4608 deus
1733 4543 1884 4608 salutaris
1907 4550 2028 4622 noster,
2048 4550 2083 4607 et
2104 4550 2240 4625 aposto·

1813 4772 1824 4802 ¹
1839 4773 1870 4824 E.
1881 4789 1907 4839 p.
1919 4785 1981 4838 145;
1993 4771 2024 4826 ll.
2036 4771 2080 4822 sol.
2091 4771 2138 4822 128
2149 4787 2173 4822 a.

1846 4861 1891 4900 Αι.
1902 4849 1988 4901 Sancti
1998 4850 2043 4906 tui,
2054 4849 2162 4901 domine.

1846 4939 1890 4981 or.
1902 4929 1932 4978 In
1943 4943 2044 4979 omnem
2055 4935 2153 4982 terrum.

1846 5017 1889 5058 00.
1902 5007 1957 5060 Uos
1967 5008 2010 5073 qui
2021 5006 2107 5058 secuti.

1369 4776 1377 4807 ¹
1394 4777 1426 4829 0·
1438 4793 1463 4842 n·
1475 4790 1531 4841 ³³9·
1542 4775 1569 4825 Z·

1369 4856 1380 4887 ¹
1395 4867 1421 4906 Α.
1433 4854 1498 4904 Mihi
1509 4861 1600 4904 autem.

1395 4945 1432 4983 es,
1445 4932 1562 4991 Domine,
1576 4930 1697 4996 probasti.

1394 5025 1421 5064 lt.
1431 5011 1514 5060 Nimis
1525 5010 1649 5061 honorati.

1395 5089 1615 5142 annumerabo.

1369 5169 1401 5202 *Α
1419 5169 1475 5219 Om.
1487 5168 1517 5217 E.
1697 5163 1753 5216 ⁵1³.
1764 5180 1790 5230 p.
1801 5175 1856 5229 145.

1369 5247 1380 5280 ¹
1397 5247 1429 5298 0.
1441 5262 1467 5312 p.
1480 5260 1542 5311 3393
1553 5244 1586 5294 Y.
1598 5243 1642 5295 iol.
1654 5244 1700 5294 128
1711 5243 1737 5293 b.
1750 5244 1777 5295 Z.

1369 5326 1380 5357 ⁸
1397 5327 1426 5376 E.
1438 5341 1463 5391 p.
1472 5338 1527 5389 145.
1554 5323 1587 5373 Ο.
1598 5323 1652 5375 ad.
1664 5321 1750 5372 mnudi
1766 5326 1871 5379 creator,
1882 5325 1938 5382 etc,
1950 5323 1976 5369 et
1992 5324 2080 5376 rector,
2092 5316 2134 5382 qui
2149 5316 2238 5368 beatos

1337 5404 1467 5472 apostolos
1484 5410 1540 5452 tuos
1556 5401 1664 5451 nominis
1681 5400 1718 5450 tui
1733 5399 1840 5464 gloriam
1860 5405 2007 5449 consecutos
2026 5396 2130 5462 elegisti,
2148 5395 2239 5446 exaudi

1337 5481 1456 5550 populum
1473 5487 1542 5530 tuum
1564 5495 1621 5530 cum
1640 5485 1782 5530 sanctorum
1800 5484 1899 5528 tuorum
1916 5476 1965 5526 tibi
1984 5475 2123 5542 patrocinio
2143 5473 2238 5540 suppli·

1337 5571 1443 5621 cantem,
1455 5566 1483 5611 ut
1493 5559 1564 5626 pacis
1580 5558 1648 5610 dono
1660 5557 1773 5624 proficiat
1787 5557 1819 5607 ad
1831 5555 1889 5606 fidei
1901 5563 1926 5606 et
1942 5553 2053 5607 utitatis
2069 5559 2239 5618 augmentum.

1337 5643 1391 5694 Per.
1410 5641 1438 5696 Z.

2040 5159 2108 5213 ⁸1b.
