<?xml version="1.0" encoding="UTF-8"?>
<!DOCTYPE html PUBLIC "-//W3C//DTD XHTML 1.0 Transitional//EN"
    "http://www.w3.org/TR/xhtml1/DTD/xhtml1-transitional.dtd">
<html xmlns="http://www.w3.org/1999/xhtml" xml:lang="en" lang="en">
 <head>
  <title>
</title>
<meta http-equiv="Content-Type" content="text/html;charset=utf-8" />
  <meta name='ocr-system' content='tesseract 3.04.00' />
  <meta name='ocr-capabilities' content='ocr_page ocr_carea ocr_par ocr_line ocrx_word'/>
</head>
<body>
  <div class='ocr_page' id='page_1' title='image "./leofricmissalas00cathgoog/leofricmissalas00cathgoog_0203.png"; bbox 0 0 5124 6608; ppageno 0'>
   <div class='ocr_carea' id='block_1_1' title="bbox 332 610 2093 712">
    <p class='ocr_par' dir='ltr' id='par_1_1' title="bbox 332 610 2093 712">
     <span class='ocr_line' id='line_1_1' title="bbox 332 610 2093 712; baseline 0.006 -28"><span class='ocrx_word' id='word_1_1' title='bbox 332 661 336 670; x_wconf 85' lang='grc'>.</span> <span class='ocrx_word' id='word_1_2' title='bbox 397 613 467 685; x_wconf 88' lang='lat'>128</span> <span class='ocrx_word' id='word_1_3' title='bbox 767 610 868 706; x_wconf 66' lang='lat' dir='ltr'>po</span> <span class='ocrx_word' id='word_1_4' title='bbox 885 611 928 686; x_wconf 83' lang='lat' dir='ltr'>n.</span> <span class='ocrx_word' id='word_1_5' title='bbox 1536 617 1637 712; x_wconf 68' lang='lat' dir='ltr'>nno</span> <span class='ocrx_word' id='word_1_6' title='bbox 1654 619 1696 694; x_wconf 82' lang='lat' dir='ltr'>u.</span> <span class='ocrx_word' id='word_1_7' title='bbox 1714 616 1869 706; x_wconf 61' lang='lat' dir='ltr'>munau</span> <span class='ocrx_word' id='word_1_8' title='bbox 1886 621 1919 696; x_wconf 76' lang='lat' dir='ltr'>a</span> <span class='ocrx_word' id='word_1_9' title='bbox 1934 621 1985 696; x_wconf 66' lang='lat' dir='ltr'>zu.</span> <span class='ocrx_word' id='word_1_10' title='bbox 2003 621 2093 697; x_wconf 72' lang='lat' dir='ltr'>am</span> 
     </span>
    </p>
   </div>
   <div class='ocr_carea' id='block_1_2' title="bbox 394 810 2245 998">
    <p class='ocr_par' dir='ltr' id='par_1_2' title="bbox 394 810 2245 998">
     <span class='ocr_line' id='line_1_2' title="bbox 394 810 2245 907; baseline 0.006 -29"><span class='ocrx_word' id='word_1_11' title='bbox 394 814 508 892; x_wconf 86' lang='lat' dir='ltr'>diuina</span> <span class='ocrx_word' id='word_1_12' title='bbox 523 810 669 878; x_wconf 88' lang='lat' dir='ltr'>subsidia</span> <span class='ocrx_word' id='word_1_13' title='bbox 683 827 704 876; x_wconf 85' lang='lat' dir='ltr'>a</span> <span class='ocrx_word' id='word_1_14' title='bbox 719 810 808 878; x_wconf 90' lang='lat' dir='ltr'>uitiis</span> <span class='ocrx_word' id='word_1_15' title='bbox 822 812 976 896; x_wconf 87' lang='lat' dir='ltr'>expiatos</span> <span class='ocrx_word' id='word_1_16' title='bbox 991 811 1035 879; x_wconf 89' lang='lat' dir='ltr'>ad</span> <span class='ocrx_word' id='word_1_17' title='bbox 1055 810 1141 880; x_wconf 82' lang='lat' dir='ltr'>festa</span> <span class='ocrx_word' id='word_1_18' title='bbox 1156 823 1295 880; x_wconf 91' lang='lat' dir='ltr'>uentura</span> <span class='ocrx_word' id='word_1_19' title='bbox 1347 815 1570 900; x_wconf 83' lang='lat' dir='ltr'>deprecamur,</span> <span class='ocrx_word' id='word_1_20' title='bbox 1587 827 1624 885; x_wconf 93' lang='lat' dir='ltr'>ut</span> <span class='ocrx_word' id='word_1_21' title='bbox 1645 818 1736 886; x_wconf 91' lang='lat' dir='ltr'>cuius</span> <span class='ocrx_word' id='word_1_22' title='bbox 1756 819 1909 886; x_wconf 83' lang='lat' dir='ltr'>laetamur</span> <span class='ocrx_word' id='word_1_23' title='bbox 1926 829 2025 907; x_wconf 88' lang='lat' dir='ltr'>gustu</span> <span class='ocrx_word' id='word_1_24' title='bbox 2048 844 2245 890; x_wconf 89' lang='lat' dir='ltr'>renouemur</span> 
     </span>
     <span class='ocr_line' id='line_1_3' title="bbox 395 911 1608 998; baseline -0.007 -20"><span class='ocrx_word' id='word_1_25' title='bbox 395 935 456 979; x_wconf 93' lang='lat' dir='ltr'>nos</span> <span class='ocrx_word' id='word_1_26' title='bbox 471 921 667 998; x_wconf 74' lang='lat' dir='ltr'>praeparent.</span> <span class='ocrx_word' id='word_1_27' title='bbox 708 911 770 977; x_wconf 87' lang='lat' dir='ltr'>Per</span> <span class='ocrx_word' id='word_1_28' title='bbox 785 911 981 978; x_wconf 56' lang='lat' dir='ltr'>dominum!</span> <span class='ocrx_word' id='word_1_29' title='bbox 1347 916 1474 982; x_wconf 75' lang='lat' dir='ltr'>effectu,</span> <span class='ocrx_word' id='word_1_30' title='bbox 1520 918 1608 983; x_wconf 56' lang='lat' dir='ltr'>Pers</span> 
     </span>
    </p>
   </div>
   <div class='ocr_carea' id='block_1_3' title="bbox 395 1061 1916 1674">
    <p class='ocr_par' dir='ltr' id='par_1_3' title="bbox 395 1061 1916 1674">
     <span class='ocr_line' id='line_1_4' title="bbox 797 1061 1874 1154; baseline 0.02 -28"><span class='ocrx_word' id='word_1_31' title='bbox 797 1061 891 1128; x_wconf 77' lang='lat' dir='ltr'>Alia.</span> <span class='ocrx_word' id='word_1_32' title='bbox 1721 1080 1874 1154; x_wconf 61' lang='lat' dir='ltr'>latiali}</span> 
     </span>
     <span class='ocr_line' id='line_1_5' title="bbox 439 1187 1916 1298; baseline 0.001 -45"><span class='ocrx_word' id='word_1_33' title='bbox 439 1190 507 1256; x_wconf 91' lang='lat' dir='ltr'>Fac</span> <span class='ocrx_word' id='word_1_34' title='bbox 530 1209 598 1270; x_wconf 89' lang='lat' dir='ltr'>nos,</span> <span class='ocrx_word' id='word_1_35' title='bbox 620 1209 807 1272; x_wconf 89' lang='lat' dir='ltr'>quesumus,</span> <span class='ocrx_word' id='word_1_36' title='bbox 824 1187 958 1254; x_wconf 91' lang='lat' dir='ltr'>domine</span> <span class='ocrx_word' id='word_1_37' title='bbox 979 1190 1061 1255; x_wconf 90' lang='lat' dir='ltr'>deus</span> <span class='ocrx_word' id='word_1_38' title='bbox 1083 1199 1203 1269; x_wconf 89' lang='lat' dir='ltr'>noster,</span> <span class='ocrx_word' id='word_1_39' title='bbox 1220 1210 1294 1275; x_wconf 90' lang='lat' dir='ltr'>per·</span> <span class='ocrx_word' id='word_1_40' title='bbox 1672 1213 1733 1278; x_wconf 69' lang='lat' dir='ltr'>Ad</span> <span class='ocrx_word' id='word_1_41' title='bbox 1751 1217 1916 1298; x_wconf 46' lang='lat' dir='ltr'>apostolos·</span> 
     </span>
     <span class='ocr_line' id='line_1_6' title="bbox 396 1288 1295 1374; baseline 0.001 -21"><span class='ocrx_word' id='word_1_42' title='bbox 396 1290 513 1373; x_wconf 89' lang='lat' dir='ltr'>uigiles</span> <span class='ocrx_word' id='word_1_43' title='bbox 549 1299 652 1373; x_wconf 90' lang='lat' dir='ltr'>atque</span> <span class='ocrx_word' id='word_1_44' title='bbox 689 1288 848 1354; x_wconf 88' lang='lat' dir='ltr'>sollicitos</span> <span class='ocrx_word' id='word_1_45' title='bbox 887 1290 1072 1355; x_wconf 89' lang='lat' dir='ltr'>aduentum</span> <span class='ocrx_word' id='word_1_46' title='bbox 1117 1301 1295 1374; x_wconf 87' lang='lat' dir='ltr'>expectare</span> 
     </span>
     <span class='ocr_line' id='line_1_7' title="bbox 396 1388 1381 1497; baseline 0.001 -43"><span class='ocrx_word' id='word_1_47' title='bbox 396 1389 507 1455; x_wconf 91' lang='lat' dir='ltr'>christi</span> <span class='ocrx_word' id='word_1_48' title='bbox 533 1388 591 1452; x_wconf 86' lang='lat' dir='ltr'>filii</span> <span class='ocrx_word' id='word_1_49' title='bbox 620 1388 669 1454; x_wconf 92' lang='lat' dir='ltr'>tui</span> <span class='ocrx_word' id='word_1_50' title='bbox 696 1389 822 1454; x_wconf 91' lang='lat' dir='ltr'>domini</span> <span class='ocrx_word' id='word_1_51' title='bbox 852 1389 967 1464; x_wconf 89' lang='lat' dir='ltr'>nostri,</span> <span class='ocrx_word' id='word_1_52' title='bbox 991 1397 1029 1454; x_wconf 91' lang='lat' dir='ltr'>ut</span> <span class='ocrx_word' id='word_1_53' title='bbox 1059 1389 1140 1455; x_wconf 92' lang='lat' dir='ltr'>dum</span> <span class='ocrx_word' id='word_1_54' title='bbox 1169 1391 1296 1455; x_wconf 88' lang='lat' dir='ltr'>uenerit</span> <span class='ocrx_word' id='word_1_55' title='bbox 1345 1433 1381 1497; x_wconf 65' lang='lat' dir='ltr'>hi</span> 
     </span>
     <span class='ocr_line' id='line_1_8' title="bbox 395 1488 1295 1574; baseline 0.004 -23"><span class='ocrx_word' id='word_1_56' title='bbox 395 1488 540 1572; x_wconf 91' lang='lat' dir='ltr'>pulsans,</span> <span class='ocrx_word' id='word_1_57' title='bbox 555 1509 623 1553; x_wconf 90' lang='lat' dir='ltr'>non</span> <span class='ocrx_word' id='word_1_58' title='bbox 645 1489 847 1555; x_wconf 84' lang='lat' dir='ltr'><strong>dormientes</strong></span> <span class='ocrx_word' id='word_1_59' title='bbox 869 1490 1023 1572; x_wconf 89' lang='lat' dir='ltr'>peccatis,</span> <span class='ocrx_word' id='word_1_60' title='bbox 1039 1490 1098 1554; x_wconf 89' lang='lat' dir='ltr'>sed</span> <span class='ocrx_word' id='word_1_61' title='bbox 1121 1490 1295 1574; x_wconf 90' lang='lat' dir='ltr'>uigilantes</span> 
     </span>
     <span class='ocr_line' id='line_1_9' title="bbox 396 1587 1295 1674; baseline 0.002 -23"><span class='ocrx_word' id='word_1_62' title='bbox 396 1597 431 1652; x_wconf 89' lang='lat' dir='ltr'>et</span> <span class='ocrx_word' id='word_1_63' title='bbox 458 1587 491 1652; x_wconf 93' lang='lat' dir='ltr'>in</span> <span class='ocrx_word' id='word_1_64' title='bbox 521 1588 589 1653; x_wconf 90' lang='lat' dir='ltr'>suis</span> <span class='ocrx_word' id='word_1_65' title='bbox 618 1588 766 1655; x_wconf 90' lang='lat' dir='ltr'>inueniat</span> <span class='ocrx_word' id='word_1_66' title='bbox 795 1588 950 1655; x_wconf 86' lang='lat' dir='ltr'>laudibus</span> <span class='ocrx_word' id='word_1_67' title='bbox 980 1587 1182 1656; x_wconf 87' lang='lat' dir='ltr'>exultantes.</span> <span class='ocrx_word' id='word_1_68' title='bbox 1227 1588 1295 1674; x_wconf 84' lang='lat' dir='ltr'>Qui</span> 
     </span>
    </p>
   </div>
   <div class='ocr_carea' id='block_1_4' title="bbox 395 1687 1923 1791">
    <p class='ocr_par' dir='ltr' id='par_1_4' title="bbox 395 1687 1923 1791">
     <span class='ocr_line' id='line_1_10' title="bbox 395 1687 1923 1791; baseline 0.016 -40"><span class='ocrx_word' id='word_1_69' title='bbox 395 1697 506 1752; x_wconf 91' lang='lat' dir='ltr'>tecum</span> <span class='ocrx_word' id='word_1_70' title='bbox 515 1687 538 1751; x_wconf 89' lang='lat'>¹.</span> <span class='ocrx_word' id='word_1_71' title='bbox 624 1689 629 1701; x_wconf 86' lang='lat'>&#39;</span> <span class='ocrx_word' id='word_1_72' title='bbox 1674 1707 1783 1791; x_wconf 83' lang='lat' dir='ltr'><em>Super</em></span> <span class='ocrx_word' id='word_1_73' title='bbox 1802 1708 1923 1791; x_wconf 72' lang='lat' dir='ltr'>oblata,</span> 
     </span>
    </p>
   </div>
   <div class='ocr_carea' id='block_1_5' title="bbox 1346 1334 2243 1626">
    <p class='ocr_par' dir='ltr' id='par_1_5' title="bbox 1346 1334 2243 1626">
     <span class='ocr_line' id='line_1_11' title="bbox 1390 1334 2243 1423; baseline 0.013 -24"><span class='ocrx_word' id='word_1_74' title='bbox 1390 1334 1522 1416; x_wconf 85' lang='lat' dir='ltr'>Excita,</span> <span class='ocrx_word' id='word_1_75' title='bbox 1546 1337 1689 1414; x_wconf 89' lang='lat' dir='ltr'>domine,</span> <span class='ocrx_word' id='word_1_76' title='bbox 1715 1342 1901 1423; x_wconf 90' lang='lat' dir='ltr'>potentiam</span> <span class='ocrx_word' id='word_1_77' title='bbox 1923 1351 2016 1407; x_wconf 92' lang='lat' dir='ltr'>tuam</span> <span class='ocrx_word' id='word_1_78' title='bbox 2040 1353 2074 1408; x_wconf 91' lang='lat' dir='ltr'>et</span> <span class='ocrx_word' id='word_1_79' title='bbox 2098 1343 2182 1420; x_wconf 90' lang='lat' dir='ltr'>ueni,</span> <span class='ocrx_word' id='word_1_80' title='bbox 2205 1354 2243 1410; x_wconf 90' lang='lat' dir='ltr'>ut</span> 
     </span>
     <span class='ocr_line' id='line_1_12' title="bbox 1403 1436 2243 1521; baseline 0.011 -21"><span class='ocrx_word' id='word_1_81' title='bbox 1403 1436 1459 1517; x_wconf 92' lang='lat' dir='ltr'>qui</span> <span class='ocrx_word' id='word_1_82' title='bbox 1484 1437 1517 1501; x_wconf 94' lang='lat' dir='ltr'>in</span> <span class='ocrx_word' id='word_1_83' title='bbox 1538 1445 1597 1501; x_wconf 92' lang='lat' dir='ltr'>tua</span> <span class='ocrx_word' id='word_1_84' title='bbox 1627 1437 1752 1521; x_wconf 89' lang='lat' dir='ltr'>pietate</span> <span class='ocrx_word' id='word_1_85' title='bbox 1773 1440 1946 1507; x_wconf 89' lang='lat' dir='ltr'>confidunt</span> <span class='ocrx_word' id='word_1_86' title='bbox 1968 1442 2011 1506; x_wconf 91' lang='lat' dir='ltr'>ab</span> <span class='ocrx_word' id='word_1_87' title='bbox 2034 1443 2125 1507; x_wconf 92' lang='lat' dir='ltr'>omni</span> <span class='ocrx_word' id='word_1_88' title='bbox 2148 1443 2243 1509; x_wconf 89' lang='lat' dir='ltr'>citius</span> 
     </span>
     <span class='ocr_line' id='line_1_13' title="bbox 1346 1535 2164 1626; baseline 0.012 -28"><span class='ocrx_word' id='word_1_89' title='bbox 1346 1535 1546 1602; x_wconf 87' lang='lat' dir='ltr'>aduersitate</span> <span class='ocrx_word' id='word_1_90' title='bbox 1561 1536 1748 1604; x_wconf 86' lang='lat' dir='ltr'>liberentur.</span> <span class='ocrx_word' id='word_1_91' title='bbox 1793 1539 1859 1624; x_wconf 87' lang='lat' dir='ltr'>Qui</span> <span class='ocrx_word' id='word_1_92' title='bbox 1875 1541 1959 1606; x_wconf 88' lang='lat' dir='ltr'>uiuis</span> <span class='ocrx_word' id='word_1_93' title='bbox 1973 1550 2007 1606; x_wconf 92' lang='lat' dir='ltr'>et</span> <span class='ocrx_word' id='word_1_94' title='bbox 2021 1555 2164 1626; x_wconf 70' lang='lat' dir='ltr'>regnas.t</span> 
     </span>
    </p>
   </div>
   <div class='ocr_carea' id='block_1_6' title="bbox 495 1830 2242 2113">
    <p class='ocr_par' dir='ltr' id='par_1_6' title="bbox 495 1830 2242 2113">
     <span class='ocr_line' id='line_1_14' title="bbox 834 1830 2242 1920; baseline 0.008 -31"><span class='ocrx_word' id='word_1_95' title='bbox 834 1889 840 1906; x_wconf 77' lang='grc'>,</span> <span class='ocrx_word' id='word_1_96' title='bbox 946 1889 953 1906; x_wconf 78' lang='grc'><em>,</em></span> <span class='ocrx_word' id='word_1_97' title='bbox 1391 1830 1585 1896; x_wconf 87' lang='lat' dir='ltr'>Muneribus</span> <span class='ocrx_word' id='word_1_98' title='bbox 1611 1833 1738 1910; x_wconf 89' lang='lat' dir='ltr'>nostris,</span> <span class='ocrx_word' id='word_1_99' title='bbox 1759 1853 1947 1917; x_wconf 87' lang='lat' dir='ltr'>quesumus,</span> <span class='ocrx_word' id='word_1_100' title='bbox 1975 1835 2118 1915; x_wconf 89' lang='lat' dir='ltr'>domine,</span> <span class='ocrx_word' id='word_1_101' title='bbox 2141 1837 2242 1920; x_wconf 91' lang='lat' dir='ltr'>preci·</span> 
     </span>
     <span class='ocr_line' id='line_1_15' title="bbox 632 1885 2242 2015; baseline 0.009 -27"><span class='ocrx_word' id='word_1_102' title='bbox 632 1885 761 1961; x_wconf 50' lang='lat' dir='ltr'>mmm</span> <span class='ocrx_word' id='word_1_103' title='bbox 780 1889 881 1954; x_wconf 53' lang='lat' dir='ltr'>”mm</span> <span class='ocrx_word' id='word_1_104' title='bbox 900 1889 973 1954; x_wconf 54' lang='lat' dir='ltr'>lma</span> <span class='ocrx_word' id='word_1_105' title='bbox 986 1889 1051 1954; x_wconf 51' lang='grc' dir='ltr'>ω’</span> <span class='ocrx_word' id='word_1_106' title='bbox 1346 1929 1475 2012; x_wconf 89' lang='lat' dir='ltr'>busque</span> <span class='ocrx_word' id='word_1_107' title='bbox 1510 1933 1680 2015; x_wconf 86' lang='lat' dir='ltr'>susceptis,</span> <span class='ocrx_word' id='word_1_108' title='bbox 1717 1941 1752 1997; x_wconf 91' lang='lat' dir='ltr'>et</span> <span class='ocrx_word' id='word_1_109' title='bbox 1787 1932 1974 1998; x_wconf 77' lang='lat' dir='ltr'>caelestibus</span> <span class='ocrx_word' id='word_1_110' title='bbox 2014 1955 2074 2001; x_wconf 89' lang='lat' dir='ltr'>nos</span> <span class='ocrx_word' id='word_1_111' title='bbox 2118 1937 2242 2002; x_wconf 88' lang='lat' dir='ltr'>munda</span> 
     </span>
     <span class='ocr_line' id='line_1_16' title="bbox 495 2019 2039 2113; baseline 0.01 -29"><span class='ocrx_word' id='word_1_112' title='bbox 495 2019 605 2086; x_wconf 82' lang='lat' dir='ltr'><em>Statio</em></span> <span class='ocrx_word' id='word_1_113' title='bbox 626 2019 675 2087; x_wconf 85' lang='lat' dir='ltr'>ad</span> <span class='ocrx_word' id='word_1_114' title='bbox 690 2030 838 2088; x_wconf 78' lang='lat' dir='ltr'><em>sanctam</em></span> <span class='ocrx_word' id='word_1_115' title='bbox 859 2023 1004 2088; x_wconf 86' lang='lat' dir='ltr'>mariam</span> <span class='ocrx_word' id='word_1_116' title='bbox 1026 2023 1192 2088; x_wconf 84' lang='lat' dir='ltr'>maiorem.</span> <span class='ocrx_word' id='word_1_117' title='bbox 1347 2029 1520 2113; x_wconf 87' lang='lat' dir='ltr'>mysteriis,</span> <span class='ocrx_word' id='word_1_118' title='bbox 1538 2040 1572 2096; x_wconf 89' lang='lat' dir='ltr'>et</span> <span class='ocrx_word' id='word_1_119' title='bbox 1585 2031 1764 2099; x_wconf 88' lang='lat' dir='ltr'>clementer</span> <span class='ocrx_word' id='word_1_120' title='bbox 1778 2033 1910 2098; x_wconf 88' lang='lat' dir='ltr'>exaudi.</span> <span class='ocrx_word' id='word_1_121' title='bbox 1953 2035 2039 2099; x_wconf 71' lang='lat' dir='ltr'>Pert</span> 
     </span>
    </p>
   </div>
   <div class='ocr_carea' id='block_1_7' title="bbox 440 2146 1296 2232">
    <p class='ocr_par' dir='ltr' id='par_1_7' title="bbox 440 2146 1296 2232">
     <span class='ocr_line' id='line_1_17' title="bbox 440 2146 1296 2232; baseline 0.002 -23"><span class='ocrx_word' id='word_1_122' title='bbox 440 2146 574 2220; x_wconf 83' lang='lat' dir='ltr'>Praesta,</span> <span class='ocrx_word' id='word_1_123' title='bbox 601 2167 789 2231; x_wconf 90' lang='lat' dir='ltr'>quesumus,</span> <span class='ocrx_word' id='word_1_124' title='bbox 820 2149 1032 2232; x_wconf 91' lang='lat' dir='ltr'>omnipotens</span> <span class='ocrx_word' id='word_1_125' title='bbox 1062 2149 1153 2225; x_wconf 89' lang='lat' dir='ltr'>deus,</span> <span class='ocrx_word' id='word_1_126' title='bbox 1179 2156 1217 2212; x_wconf 92' lang='lat' dir='ltr'>ut</span> <span class='ocrx_word' id='word_1_127' title='bbox 1245 2167 1296 2211; x_wconf 91' lang='lat' dir='ltr'>re·</span> 
     </span>
    </p>
   </div>
   <div class='ocr_carea' id='block_1_8' title="bbox 396 2192 1883 2330">
    <p class='ocr_par' dir='ltr' id='par_1_8' title="bbox 396 2192 1883 2330">
     <span class='ocr_line' id='line_1_18' title="bbox 396 2192 1883 2330; baseline -0.014 -21"><span class='ocrx_word' id='word_1_128' title='bbox 396 2246 596 2328; x_wconf 89' lang='lat' dir='ltr'>demptionis</span> <span class='ocrx_word' id='word_1_129' title='bbox 627 2256 748 2312; x_wconf 85' lang='lat' dir='ltr'>nostrae</span> <span class='ocrx_word' id='word_1_130' title='bbox 774 2257 913 2313; x_wconf 88' lang='lat' dir='ltr'>uentura</span> <span class='ocrx_word' id='word_1_131' title='bbox 938 2247 1142 2313; x_wconf 83' lang='lat' dir='ltr'>sollemnitas</span> <span class='ocrx_word' id='word_1_132' title='bbox 1165 2257 1199 2311; x_wconf 92' lang='lat' dir='ltr'>et</span> <span class='ocrx_word' id='word_1_133' title='bbox 1220 2267 1294 2330; x_wconf 73' lang='lat' dir='ltr'>pre·</span> <span class='ocrx_word' id='word_1_134' title='bbox 1707 2192 1883 2277; x_wconf 63' lang='lat' dir='ltr'><strong><em>Pmsam·</em></strong></span> 
     </span>
    </p>
   </div>
   <div class='ocr_carea' id='block_1_9' title="bbox 396 2317 2242 2532">
    <p class='ocr_par' dir='ltr' id='par_1_9' title="bbox 396 2317 2242 2532">
     <span class='ocr_line' id='line_1_19' title="bbox 396 2317 2242 2435; baseline 0.01 -27"><span class='ocrx_word' id='word_1_135' title='bbox 396 2345 500 2409; x_wconf 90' lang='lat' dir='ltr'>sentis</span> <span class='ocrx_word' id='word_1_136' title='bbox 523 2344 618 2410; x_wconf 92' lang='lat' dir='ltr'>nobis</span> <span class='ocrx_word' id='word_1_137' title='bbox 644 2348 723 2412; x_wconf 88' lang='lat' dir='ltr'>uitae</span> <span class='ocrx_word' id='word_1_138' title='bbox 749 2347 898 2412; x_wconf 91' lang='lat' dir='ltr'>subsidia</span> <span class='ocrx_word' id='word_1_139' title='bbox 927 2347 1083 2427; x_wconf 84' lang='lat' dir='ltr'>conserat,</span> <span class='ocrx_word' id='word_1_140' title='bbox 1109 2355 1144 2412; x_wconf 89' lang='lat' dir='ltr'>et</span> <span class='ocrx_word' id='word_1_141' title='bbox 1172 2355 1295 2412; x_wconf 76' lang='lat' dir='ltr'>aeterne</span> <span class='ocrx_word' id='word_1_142' title='bbox 1349 2417 1357 2432; x_wconf 58' lang='grc'><em>,</em></span> <span class='ocrx_word' id='word_1_143' title='bbox 1392 2317 1437 2384; x_wconf 82' lang='lat' dir='ltr'>U</span> <span class='ocrx_word' id='word_1_144' title='bbox 1460 2317 1503 2386; x_wconf 81' lang='lat' dir='ltr'>D·</span> <span class='ocrx_word' id='word_1_145' title='bbox 1525 2329 1648 2434; x_wconf 82' lang='lat' dir='ltr'>aeteme</span> <span class='ocrx_word' id='word_1_146' title='bbox 1669 2321 1761 2434; x_wconf 49' lang='lat'>‘¹5⁰⁵&#39;</span> <span class='ocrx_word' id='word_1_147' title='bbox 1797 2318 1882 2435; x_wconf 59' lang='lat'>,9¹¹³</span> <span class='ocrx_word' id='word_1_148' title='bbox 1906 2341 1941 2386; x_wconf 68' lang='lat'>⁶⁵</span> <span class='ocrx_word' id='word_1_149' title='bbox 1965 2321 2187 2388; x_wconf 48' lang='lat' dir='ltr'>sanctificat&amp;</span> <span class='ocrx_word' id='word_1_150' title='bbox 2208 2333 2242 2389; x_wconf 62' lang='lat' dir='ltr'>et</span> 
     </span>
     <span class='ocr_line' id='line_1_20' title="bbox 396 2418 2242 2532; baseline 0.012 -66"><span class='ocrx_word' id='word_1_151' title='bbox 396 2445 612 2512; x_wconf 55' lang='lat' dir='ltr'>beatitudinis</span> <span class='ocrx_word' id='word_1_152' title='bbox 630 2446 757 2532; x_wconf 60' lang='lat' dir='ltr'>premia</span> <span class='ocrx_word' id='word_1_153' title='bbox 771 2447 939 2531; x_wconf 47' lang='lat' dir='ltr'><strong>largiatur·</strong></span> <span class='ocrx_word' id='word_1_154' title='bbox 985 2445 1070 2511; x_wconf 31' lang='lat' dir='ltr'>Peru,</span> <span class='ocrx_word' id='word_1_155' title='bbox 1348 2427 1514 2483; x_wconf 78' lang='lat' dir='ltr'>institutor</span> <span class='ocrx_word' id='word_1_156' title='bbox 1525 2418 1742 2499; x_wconf 77' lang='lat' dir='ltr'>abstinentrae,</span> <span class='ocrx_word' id='word_1_157' title='bbox 1754 2439 1845 2484; x_wconf 79' lang='lat' dir='ltr'>curus</span> <span class='ocrx_word' id='word_1_158' title='bbox 1860 2420 1969 2485; x_wconf 90' lang='lat' dir='ltr'>nullus</span> <span class='ocrx_word' id='word_1_159' title='bbox 1983 2421 2057 2486; x_wconf 90' lang='lat' dir='ltr'>finis</span> <span class='ocrx_word' id='word_1_160' title='bbox 2069 2422 2242 2507; x_wconf 90' lang='lat' dir='ltr'>nullusque</span> 
     </span>
    </p>
   </div>
   <div class='ocr_carea' id='block_1_10' title="bbox 395 2519 2240 3105">
    <p class='ocr_par' dir='ltr' id='par_1_10' title="bbox 1348 2519 2240 2604">
     <span class='ocr_line' id='line_1_21' title="bbox 1348 2519 2240 2604; baseline 0.008 -23"><span class='ocrx_word' id='word_1_161' title='bbox 1348 2527 1399 2582; x_wconf 90' lang='lat' dir='ltr'>est</span> <span class='ocrx_word' id='word_1_162' title='bbox 1422 2539 1586 2598; x_wconf 88' lang='lat' dir='ltr'>numerus,</span> <span class='ocrx_word' id='word_1_163' title='bbox 1609 2519 1762 2596; x_wconf 84' lang='lat' dir='ltr'>Effunde‚</span> <span class='ocrx_word' id='word_1_164' title='bbox 1784 2539 1973 2602; x_wconf 88' lang='lat' dir='ltr'>quesumus,</span> <span class='ocrx_word' id='word_1_165' title='bbox 1995 2541 2094 2604; x_wconf 87' lang='lat' dir='ltr'>super</span> <span class='ocrx_word' id='word_1_166' title='bbox 2118 2543 2179 2588; x_wconf 91' lang='lat' dir='ltr'>nos</span> <span class='ocrx_word' id='word_1_167' title='bbox 2207 2524 2240 2588; x_wconf 93' lang='lat' dir='ltr'>in</span> 
     </span>
    </p>

    <p class='ocr_par' dir='ltr' id='par_1_11' title="bbox 797 2597 2240 2706">
     <span class='ocr_line' id='line_1_22' title="bbox 797 2597 2240 2706; baseline 0.017 -44"><span class='ocrx_word' id='word_1_168' title='bbox 797 2597 890 2664; x_wconf 67' lang='lat' dir='ltr'>Alta.</span> <span class='ocrx_word' id='word_1_169' title='bbox 1347 2618 1464 2682; x_wconf 87' lang='lat' dir='ltr'>diebus</span> <span class='ocrx_word' id='word_1_170' title='bbox 1493 2618 1686 2683; x_wconf 88' lang='lat' dir='ltr'>ieiuniorum</span> <span class='ocrx_word' id='word_1_171' title='bbox 1724 2628 1911 2684; x_wconf 87' lang='lat' dir='ltr'>nostrorum</span> <span class='ocrx_word' id='word_1_172' title='bbox 1947 2620 2099 2704; x_wconf 88' lang='lat' dir='ltr'>spiritum</span> <span class='ocrx_word' id='word_1_173' title='bbox 2126 2623 2240 2706; x_wconf 86' lang='lat' dir='ltr'>gratiae</span> 
     </span>
    </p>

    <p class='ocr_par' dir='ltr' id='par_1_12' title="bbox 440 2717 2240 2806">
     <span class='ocr_line' id='line_1_23' title="bbox 440 2717 2240 2806; baseline -0.001 -21"><span class='ocrx_word' id='word_1_174' title='bbox 440 2719 585 2798; x_wconf 89' lang='lat' dir='ltr'>Festina,</span> <span class='ocrx_word' id='word_1_175' title='bbox 608 2742 795 2806; x_wconf 89' lang='lat' dir='ltr'>quesumus,</span> <span class='ocrx_word' id='word_1_176' title='bbox 819 2743 861 2788; x_wconf 91' lang='lat' dir='ltr'>ne</span> <span class='ocrx_word' id='word_1_177' title='bbox 884 2721 1076 2801; x_wconf 88' lang='lat' dir='ltr'>tardaueris,</span> <span class='ocrx_word' id='word_1_178' title='bbox 1098 2722 1241 2802; x_wconf 91' lang='lat' dir='ltr'>domine,</span> <span class='ocrx_word' id='word_1_179' title='bbox 1260 2730 1295 2786; x_wconf 89' lang='lat' dir='ltr'>et</span> <span class='ocrx_word' id='word_1_180' title='bbox 1346 2717 1505 2796; x_wconf 86' lang='lat' dir='ltr'>salutaris,</span> <span class='ocrx_word' id='word_1_181' title='bbox 1530 2727 1565 2783; x_wconf 91' lang='lat' dir='ltr'>et</span> <span class='ocrx_word' id='word_1_182' title='bbox 1593 2718 1637 2783; x_wconf 92' lang='lat' dir='ltr'>ab</span> <span class='ocrx_word' id='word_1_183' title='bbox 1666 2718 1820 2784; x_wconf 91' lang='lat' dir='ltr'>omnibus</span> <span class='ocrx_word' id='word_1_184' title='bbox 1848 2738 1910 2783; x_wconf 93' lang='lat' dir='ltr'>nos</span> <span class='ocrx_word' id='word_1_185' title='bbox 1939 2719 2240 2803; x_wconf 88' lang='lat' dir='ltr'>perturbationibus</span> 
     </span>
    </p>

    <p class='ocr_par' dir='ltr' id='par_1_13' title="bbox 396 2816 2239 2906">
     <span class='ocr_line' id='line_1_24' title="bbox 396 2816 2239 2906; baseline -0.001 -21"><span class='ocrx_word' id='word_1_186' title='bbox 396 2819 557 2885; x_wconf 89' lang='lat' dir='ltr'>auxilium</span> <span class='ocrx_word' id='word_1_187' title='bbox 589 2821 685 2886; x_wconf 91' lang='lat' dir='ltr'>nobis</span> <span class='ocrx_word' id='word_1_188' title='bbox 713 2842 852 2906; x_wconf 76' lang='lat' dir='ltr'>superne</span> <span class='ocrx_word' id='word_1_189' title='bbox 889 2822 1020 2888; x_wconf 88' lang='lat' dir='ltr'>uirtutis</span> <span class='ocrx_word' id='word_1_190' title='bbox 1057 2821 1221 2905; x_wconf 89' lang='lat' dir='ltr'>impende,</span> <span class='ocrx_word' id='word_1_191' title='bbox 1256 2830 1294 2884; x_wconf 91' lang='lat' dir='ltr'>ut</span> <span class='ocrx_word' id='word_1_192' title='bbox 1345 2816 1456 2881; x_wconf 86' lang='lat' dir='ltr'>saeculi</span> <span class='ocrx_word' id='word_1_193' title='bbox 1471 2816 1567 2882; x_wconf 91' lang='lat' dir='ltr'>huius</span> <span class='ocrx_word' id='word_1_194' title='bbox 1581 2826 1639 2883; x_wconf 88' lang='lat' dir='ltr'>tua</span> <span class='ocrx_word' id='word_1_195' title='bbox 1650 2817 1841 2884; x_wconf 80' lang='lat' dir='ltr'>defensione</span> <span class='ocrx_word' id='word_1_196' title='bbox 1856 2839 2024 2897; x_wconf 87' lang='lat' dir='ltr'>conserua,</span> <span class='ocrx_word' id='word_1_197' title='bbox 2038 2818 2087 2884; x_wconf 93' lang='lat' dir='ltr'>Ut</span> <span class='ocrx_word' id='word_1_198' title='bbox 2098 2819 2155 2902; x_wconf 93' lang='lat' dir='ltr'>qui</span> <span class='ocrx_word' id='word_1_199' title='bbox 2170 2821 2239 2885; x_wconf 93' lang='lat' dir='ltr'>uni·</span> 
     </span>
    </p>

    <p class='ocr_par' dir='ltr' id='par_1_14' title="bbox 395 2915 2240 3105">
     <span class='ocr_line' id='line_1_25' title="bbox 396 2915 2240 3003; baseline -0.001 -19"><span class='ocrx_word' id='word_1_200' title='bbox 396 2920 558 2985; x_wconf 89' lang='lat' dir='ltr'>aduentus</span> <span class='ocrx_word' id='word_1_201' title='bbox 580 2920 628 2986; x_wconf 89' lang='lat' dir='ltr'>tui</span> <span class='ocrx_word' id='word_1_202' title='bbox 651 2921 929 2987; x_wconf 87' lang='lat' dir='ltr'>consolationibus</span> <span class='ocrx_word' id='word_1_203' title='bbox 949 2920 1162 2986; x_wconf 88' lang='lat' dir='ltr'>subleuentur</span> <span class='ocrx_word' id='word_1_204' title='bbox 1183 2920 1292 3003; x_wconf 92' lang='lat' dir='ltr'>quiin</span> <span class='ocrx_word' id='word_1_205' title='bbox 1344 2915 1447 2998; x_wconf 89' lang='lat' dir='ltr'>geniti</span> <span class='ocrx_word' id='word_1_206' title='bbox 1463 2916 1511 2981; x_wconf 93' lang='lat' dir='ltr'>tui</span> <span class='ocrx_word' id='word_1_207' title='bbox 1532 2915 1737 2982; x_wconf 88' lang='lat' dir='ltr'>celebramus</span> <span class='ocrx_word' id='word_1_208' title='bbox 1756 2918 1946 2994; x_wconf 91' lang='lat' dir='ltr'>aduentum,</span> <span class='ocrx_word' id='word_1_209' title='bbox 1961 2917 2156 2983; x_wconf 90' lang='lat' dir='ltr'>continuum</span> <span class='ocrx_word' id='word_1_210' title='bbox 2171 2919 2240 2985; x_wconf 90' lang='lat' dir='ltr'>eius</span> 
     </span>
     <span class='ocr_line' id='line_1_26' title="bbox 395 3015 1961 3105; baseline -0.001 -21"><span class='ocrx_word' id='word_1_211' title='bbox 395 3029 454 3084; x_wconf 91' lang='lat' dir='ltr'>tua</span> <span class='ocrx_word' id='word_1_212' title='bbox 468 3020 594 3105; x_wconf 87' lang='lat' dir='ltr'>pietate</span> <span class='ocrx_word' id='word_1_213' title='bbox 616 3021 798 3087; x_wconf 89' lang='lat' dir='ltr'>confidunt.</span> <span class='ocrx_word' id='word_1_214' title='bbox 853 3020 920 3105; x_wconf 87' lang='lat' dir='ltr'>Qui</span> <span class='ocrx_word' id='word_1_215' title='bbox 935 3021 1019 3086; x_wconf 90' lang='lat' dir='ltr'>uiuis</span> <span class='ocrx_word' id='word_1_216' title='bbox 1034 3030 1069 3086; x_wconf 89' lang='lat' dir='ltr'>et</span> <span class='ocrx_word' id='word_1_217' title='bbox 1083 3041 1202 3105; x_wconf 89' lang='lat' dir='ltr'>regnas</span> <span class='ocrx_word' id='word_1_218' title='bbox 1216 3039 1292 3085; x_wconf 91' lang='lat' dir='ltr'>cum</span> <span class='ocrx_word' id='word_1_219' title='bbox 1343 3015 1524 3080; x_wconf 88' lang='lat' dir='ltr'>sentiamus</span> <span class='ocrx_word' id='word_1_220' title='bbox 1539 3015 1711 3081; x_wconf 88' lang='lat' dir='ltr'>auxilium.</span> <span class='ocrx_word' id='word_1_221' title='bbox 1753 3015 1815 3081; x_wconf 90' lang='lat' dir='ltr'>Per</span> <span class='ocrx_word' id='word_1_222' title='bbox 1828 3015 1961 3100; x_wconf 65' lang='lat' dir='ltr'>quemi.</span> 
     </span>
    </p>
   </div>
   <div class='ocr_carea' id='block_1_11' title="bbox 395 3119 1944 3273">
    <p class='ocr_par' dir='ltr' id='par_1_15' title="bbox 395 3119 1944 3273">
     <span class='ocr_line' id='line_1_27' title="bbox 395 3119 1944 3273; baseline 0.036 -90"><span class='ocrx_word' id='word_1_223' title='bbox 395 3119 460 3184; x_wconf 92' lang='lat' dir='ltr'>deo</span> <span class='ocrx_word' id='word_1_224' title='bbox 475 3128 593 3204; x_wconf 72' lang='lat' dir='ltr'>patret</span> <span class='ocrx_word' id='word_1_225' title='bbox 775 3207 914 3273; x_wconf 36' lang='lat' dir='ltr'><em>Secreta.</em></span> <span class='ocrx_word' id='word_1_226' title='bbox 1637 3177 1699 3241; x_wconf 73' lang='lat' dir='ltr'>Ad</span> <span class='ocrx_word' id='word_1_227' title='bbox 1716 3176 1944 3261; x_wconf 54' lang='lat' dir='ltr'>comparatum.</span> 
     </span>
    </p>
   </div>
   <div class='ocr_carea' id='block_1_12' title="bbox 395 3300 2239 3590">
    <p class='ocr_par' dir='ltr' id='par_1_16' title="bbox 395 3300 2239 3590">
     <span class='ocr_line' id='line_1_28' title="bbox 438 3300 2239 3390; baseline -0.001 -19"><span class='ocrx_word' id='word_1_228' title='bbox 438 3305 591 3390; x_wconf 88' lang='lat' dir='ltr'>Accepta</span> <span class='ocrx_word' id='word_1_229' title='bbox 605 3306 667 3373; x_wconf 92' lang='lat' dir='ltr'>tibi</span> <span class='ocrx_word' id='word_1_230' title='bbox 687 3305 763 3387; x_wconf 90' lang='lat' dir='ltr'>sint,</span> <span class='ocrx_word' id='word_1_231' title='bbox 776 3307 920 3385; x_wconf 92' lang='lat' dir='ltr'>domine,</span> <span class='ocrx_word' id='word_1_232' title='bbox 938 3315 1051 3373; x_wconf 88' lang='lat' dir='ltr'>nostra</span> <span class='ocrx_word' id='word_1_233' title='bbox 1073 3306 1201 3386; x_wconf 91' lang='lat' dir='ltr'>ieiunia,</span> <span class='ocrx_word' id='word_1_234' title='bbox 1216 3326 1292 3390; x_wconf 86' lang='lat' dir='ltr'>quae</span> <span class='ocrx_word' id='word_1_235' title='bbox 1387 3300 1453 3366; x_wconf 85' lang='lat' dir='ltr'>Tui</span> <span class='ocrx_word' id='word_1_236' title='bbox 1480 3323 1548 3382; x_wconf 89' lang='lat' dir='ltr'>nos,</span> <span class='ocrx_word' id='word_1_237' title='bbox 1578 3302 1721 3382; x_wconf 89' lang='lat' dir='ltr'>domine,</span> <span class='ocrx_word' id='word_1_238' title='bbox 1751 3303 1950 3369; x_wconf 87' lang='lat' dir='ltr'>sacramenti</span> <span class='ocrx_word' id='word_1_239' title='bbox 1982 3302 2098 3369; x_wconf 88' lang='lat' dir='ltr'>libatio</span> <span class='ocrx_word' id='word_1_240' title='bbox 2126 3313 2239 3370; x_wconf 85' lang='lat' dir='ltr'>sancta</span> 
     </span>
     <span class='ocr_line' id='line_1_29' title="bbox 395 3403 2239 3492; baseline -0.003 -22"><span class='ocrx_word' id='word_1_241' title='bbox 395 3414 429 3470; x_wconf 89' lang='lat' dir='ltr'>ct</span> <span class='ocrx_word' id='word_1_242' title='bbox 444 3404 612 3490; x_wconf 86' lang='lat' dir='ltr'>expiando</span> <span class='ocrx_word' id='word_1_243' title='bbox 628 3426 687 3470; x_wconf 90' lang='lat' dir='ltr'>nos</span> <span class='ocrx_word' id='word_1_244' title='bbox 702 3415 760 3472; x_wconf 89' lang='lat' dir='ltr'>tua</span> <span class='ocrx_word' id='word_1_245' title='bbox 774 3407 881 3491; x_wconf 89' lang='lat' dir='ltr'>gratia</span> <span class='ocrx_word' id='word_1_246' title='bbox 897 3407 1016 3492; x_wconf 87' lang='lat' dir='ltr'>dignos</span> <span class='ocrx_word' id='word_1_247' title='bbox 1032 3407 1183 3485; x_wconf 83' lang='lat' dir='ltr'>efficiant,</span> <span class='ocrx_word' id='word_1_248' title='bbox 1199 3406 1291 3472; x_wconf 89' lang='lat' dir='ltr'>etad</span> <span class='ocrx_word' id='word_1_249' title='bbox 1345 3411 1514 3483; x_wconf 89' lang='lat' dir='ltr'>restauret,</span> <span class='ocrx_word' id='word_1_250' title='bbox 1539 3411 1573 3469; x_wconf 90' lang='lat' dir='ltr'>et</span> <span class='ocrx_word' id='word_1_251' title='bbox 1598 3423 1619 3467; x_wconf 91' lang='lat' dir='ltr'>a</span> <span class='ocrx_word' id='word_1_252' title='bbox 1645 3412 1812 3470; x_wconf 91' lang='lat' dir='ltr'>uetustate</span> <span class='ocrx_word' id='word_1_253' title='bbox 1842 3411 2000 3488; x_wconf 88' lang='lat' dir='ltr'>purgatos</span> <span class='ocrx_word' id='word_1_254' title='bbox 2029 3403 2063 3466; x_wconf 93' lang='lat' dir='ltr'>in</span> <span class='ocrx_word' id='word_1_255' title='bbox 2093 3403 2239 3486; x_wconf 85' lang='lat' dir='ltr'>mysterii</span> 
     </span>
     <span class='ocr_line' id='line_1_30' title="bbox 395 3501 2125 3590; baseline -0.003 -20"><span class='ocrx_word' id='word_1_256' title='bbox 395 3506 597 3589; x_wconf 86' lang='lat' dir='ltr'>sempiterna</span> <span class='ocrx_word' id='word_1_257' title='bbox 610 3506 802 3590; x_wconf 90' lang='lat' dir='ltr'>perducant.</span> <span class='ocrx_word' id='word_1_258' title='bbox 848 3507 911 3572; x_wconf 90' lang='lat' dir='ltr'>Per</span> <span class='ocrx_word' id='word_1_259' title='bbox 925 3507 1124 3572; x_wconf 59' lang='lat' dir='ltr'>dominum!</span> <span class='ocrx_word' id='word_1_260' title='bbox 1345 3502 1497 3567; x_wconf 89' lang='lat' dir='ltr'>salutaris</span> <span class='ocrx_word' id='word_1_261' title='bbox 1512 3501 1616 3569; x_wconf 81' lang='lat' dir='ltr'>faciat</span> <span class='ocrx_word' id='word_1_262' title='bbox 1625 3504 1763 3571; x_wconf 91' lang='lat' dir='ltr'>transire</span> <span class='ocrx_word' id='word_1_263' title='bbox 1781 3503 1992 3569; x_wconf 87' lang='lat' dir='ltr'>consortium.</span> <span class='ocrx_word' id='word_1_264' title='bbox 2041 3502 2125 3567; x_wconf 70' lang='lat' dir='ltr'>Per.⁷</span> 
     </span>
    </p>
   </div>
   <div class='ocr_carea' id='block_1_13' title="bbox 755 3655 928 3740">
    <p class='ocr_par' dir='ltr' id='par_1_17' title="bbox 755 3655 928 3740">
     <span class='ocr_line' id='line_1_31' title="bbox 755 3655 928 3740; baseline 0.012 -20"><span class='ocrx_word' id='word_1_265' title='bbox 755 3655 928 3740; x_wconf 81' lang='lat' dir='ltr'>Praefatio.</span> 
     </span>
    </p>
   </div>
   <div class='ocr_carea' id='block_1_14' title="bbox 439 3766 2032 3868">
    <p class='ocr_par' dir='ltr' id='par_1_18' title="bbox 439 3766 2032 3868">
     <span class='ocr_line' id='line_1_32' title="bbox 439 3766 2032 3868; baseline -0.004 -22"><span class='ocrx_word' id='word_1_266' title='bbox 439 3780 484 3846; x_wconf 94' lang='lat' dir='ltr'>U.</span> <span class='ocrx_word' id='word_1_267' title='bbox 499 3780 544 3845; x_wconf 95' lang='lat' dir='ltr'>D.</span> <span class='ocrx_word' id='word_1_268' title='bbox 559 3802 620 3865; x_wconf 88' lang='lat' dir='ltr'>per</span> <span class='ocrx_word' id='word_1_269' title='bbox 634 3779 792 3846; x_wconf 91' lang='lat' dir='ltr'>christum</span> <span class='ocrx_word' id='word_1_270' title='bbox 807 3782 978 3847; x_wconf 90' lang='lat' dir='ltr'>dominum</span> <span class='ocrx_word' id='word_1_271' title='bbox 994 3793 1152 3848; x_wconf 89' lang='lat' dir='ltr'>nostrum.</span> <span class='ocrx_word' id='word_1_272' title='bbox 1179 3783 1290 3868; x_wconf 90' lang='lat' dir='ltr'>Quem</span> <span class='ocrx_word' id='word_1_273' title='bbox 1562 3767 1694 3834; x_wconf 50' lang='lat' dir='ltr'>&amp;hilm</span> <span class='ocrx_word' id='word_1_274' title='bbox 1715 3767 1747 3832; x_wconf 64' lang='lat'>5¹1</span> <span class='ocrx_word' id='word_1_275' title='bbox 1766 3767 1812 3832; x_wconf 60' lang='lat' dir='ltr'>til·</span> <span class='ocrx_word' id='word_1_276' title='bbox 1832 3766 2032 3832; x_wconf 51' lang='lat' dir='ltr'>lttllssssffissssb</span> 
     </span>
    </p>
   </div>
   <div class='ocr_carea' id='block_1_15' title="bbox 392 3878 2238 4858">
    <p class='ocr_par' dir='ltr' id='par_1_19' title="bbox 393 3878 2238 4390">
     <span class='ocr_line' id='line_1_33' title="bbox 395 3878 1980 3995; baseline 0.005 -51"><span class='ocrx_word' id='word_1_277' title='bbox 395 3900 455 3963; x_wconf 92' lang='lat' dir='ltr'>pro</span> <span class='ocrx_word' id='word_1_278' title='bbox 479 3880 586 3946; x_wconf 89' lang='lat' dir='ltr'>salute</span> <span class='ocrx_word' id='word_1_279' title='bbox 608 3878 781 3945; x_wconf 90' lang='lat' dir='ltr'>hominum</span> <span class='ocrx_word' id='word_1_280' title='bbox 805 3882 1004 3948; x_wconf 89' lang='lat' dir='ltr'>nasciturum</span> <span class='ocrx_word' id='word_1_281' title='bbox 1026 3881 1175 3966; x_wconf 83' lang='lat' dir='ltr'>gabrihel</span> <span class='ocrx_word' id='word_1_282' title='bbox 1196 3882 1289 3948; x_wconf 90' lang='lat' dir='ltr'>arch-</span> <span class='ocrx_word' id='word_1_283' title='bbox 1601 3913 1663 3979; x_wconf 68' lang='lat' dir='ltr'>Ad</span> <span class='ocrx_word' id='word_1_284' title='bbox 1677 3923 1825 3979; x_wconf 61' lang='lat' dir='ltr'><em>sanctum</em></span> <span class='ocrx_word' id='word_1_285' title='bbox 1838 3922 1980 3995; x_wconf 48' lang='lat' dir='ltr'><em>pamm·</em></span> 
     </span>
     <span class='ocr_line' id='line_1_34' title="bbox 394 3979 1291 4066; baseline 0.006 -23"><span class='ocrx_word' id='word_1_286' title='bbox 394 3979 531 4065; x_wconf 88' lang='lat' dir='ltr'>angelus</span> <span class='ocrx_word' id='word_1_287' title='bbox 563 3981 736 4060; x_wconf 91' lang='lat' dir='ltr'>nuntiauit,</span> <span class='ocrx_word' id='word_1_288' title='bbox 765 3981 860 4066; x_wconf 89' lang='lat' dir='ltr'>uirgo</span> <span class='ocrx_word' id='word_1_289' title='bbox 890 3982 995 4047; x_wconf 90' lang='lat' dir='ltr'>maria</span> <span class='ocrx_word' id='word_1_290' title='bbox 1023 3983 1128 4048; x_wconf 89' lang='lat' dir='ltr'>sancti</span> <span class='ocrx_word' id='word_1_291' title='bbox 1157 3982 1291 4066; x_wconf 87' lang='lat' dir='ltr'>spiritus</span> 
     </span>
     <span class='ocr_line' id='line_1_35' title="bbox 394 4080 2172 4167; baseline 0.004 -23"><span class='ocrx_word' id='word_1_292' title='bbox 394 4080 626 4162; x_wconf 88' lang='lat' dir='ltr'>cooperatione</span> <span class='ocrx_word' id='word_1_293' title='bbox 648 4081 807 4164; x_wconf 88' lang='lat' dir='ltr'>concepit,</span> <span class='ocrx_word' id='word_1_294' title='bbox 829 4082 879 4148; x_wconf 94' lang='lat' dir='ltr'>Ut</span> <span class='ocrx_word' id='word_1_295' title='bbox 900 4082 990 4167; x_wconf 94' lang='lat' dir='ltr'>quod</span> <span class='ocrx_word' id='word_1_296' title='bbox 1013 4081 1162 4165; x_wconf 88' lang='lat' dir='ltr'>angelica</span> <span class='ocrx_word' id='word_1_297' title='bbox 1181 4084 1290 4148; x_wconf 92' lang='lat' dir='ltr'>nunti·</span> <span class='ocrx_word' id='word_1_298' title='bbox 1413 4139 1454 4154; x_wconf 85' lang='lat'>..</span> <span class='ocrx_word' id='word_1_299' title='bbox 1793 4137 1828 4153; x_wconf 90' lang='lat'>..</span> <span class='ocrx_word' id='word_1_300' title='bbox 2075 4135 2110 4150; x_wconf 91' lang='lat'>..</span> <span class='ocrx_word' id='word_1_301' title='bbox 2166 4137 2172 4152; x_wconf 91' lang='lat'>.</span> 
     </span>
     <span class='ocr_line' id='line_1_36' title="bbox 394 4137 2238 4266; baseline 0.002 -69"><span class='ocrx_word' id='word_1_302' title='bbox 394 4180 464 4245; x_wconf 61' lang='lat' dir='ltr'>aust</span> <span class='ocrx_word' id='word_1_303' title='bbox 481 4179 667 4246; x_wconf 61' lang='lat' dir='ltr'>sublimitas</span> <span class='ocrx_word' id='word_1_304' title='bbox 689 4181 836 4264; x_wconf 58' lang='lat' dir='ltr'>uirginea</span> <span class='ocrx_word' id='word_1_305' title='bbox 858 4183 1006 4248; x_wconf 62' lang='lat' dir='ltr'>crederet</span> <span class='ocrx_word' id='word_1_306' title='bbox 1028 4181 1160 4266; x_wconf 50' lang='lat' dir='ltr'>puritas,</span> <span class='ocrx_word' id='word_1_307' title='bbox 1176 4182 1289 4247; x_wconf 47' lang='lat' dir='ltr'>ineffa·</span> <span class='ocrx_word' id='word_1_308' title='bbox 1342 4137 1538 4222; x_wconf 76' lang='lat' dir='ltr'>adfligimur,</span> <span class='ocrx_word' id='word_1_309' title='bbox 1550 4139 1696 4204; x_wconf 90' lang='lat' dir='ltr'>concede</span> <span class='ocrx_word' id='word_1_310' title='bbox 1706 4147 1870 4222; x_wconf 73' lang='lat' dir='ltr'>propitius</span> <span class='ocrx_word' id='word_1_311' title='bbox 1879 4144 1917 4201; x_wconf 92' lang='lat' dir='ltr'>ut</span> <span class='ocrx_word' id='word_1_312' title='bbox 1928 4157 1973 4200; x_wconf 91' lang='lat' dir='ltr'>ex</span> <span class='ocrx_word' id='word_1_313' title='bbox 1982 4145 2041 4201; x_wconf 90' lang='lat' dir='ltr'>tua</span> <span class='ocrx_word' id='word_1_314' title='bbox 2050 4145 2238 4202; x_wconf 80' lang='lat' dir='ltr'>umtaoone</span> 
     </span>
     <span class='ocr_line' id='line_1_37' title="bbox 393 4237 1827 4390; baseline 0.004 -48"><span class='ocrx_word' id='word_1_315' title='bbox 393 4278 469 4342; x_wconf 93' lang='lat' dir='ltr'>bilis</span> <span class='ocrx_word' id='word_1_316' title='bbox 500 4278 673 4363; x_wconf 86' lang='lat' dir='ltr'>perficeret</span> <span class='ocrx_word' id='word_1_317' title='bbox 699 4280 815 4346; x_wconf 89' lang='lat' dir='ltr'>deitas.</span> <span class='ocrx_word' id='word_1_318' title='bbox 861 4281 955 4346; x_wconf 91' lang='lat' dir='ltr'>Illius</span> <span class='ocrx_word' id='word_1_319' title='bbox 985 4281 1098 4364; x_wconf 87' lang='lat' dir='ltr'>itaque</span> <span class='ocrx_word' id='word_1_320' title='bbox 1127 4290 1290 4364; x_wconf 90' lang='lat' dir='ltr'>optamus,</span> <span class='ocrx_word' id='word_1_321' title='bbox 1342 4237 1557 4304; x_wconf 62' lang='lat'>⁰⁰¹¹⁵⁰¹⁶¹¹¹¹¹¹¹</span> <span class='ocrx_word' id='word_1_322' title='bbox 1603 4237 1689 4302; x_wconf 49' lang='lat' dir='ltr'>pem</span> <span class='ocrx_word' id='word_1_323' title='bbox 1744 4322 1827 4390; x_wconf 62' lang='lat' dir='ltr'><em>Alia</em></span> 
     </span>
    </p>

    <p class='ocr_par' dir='ltr' id='par_1_20' title="bbox 392 4373 2237 4858">
     <span class='ocr_line' id='line_1_38' title="bbox 393 4373 1836 4461; baseline 0.004 -18"><span class='ocrx_word' id='word_1_324' title='bbox 393 4388 428 4443; x_wconf 94' lang='lat' dir='ltr'>te</span> <span class='ocrx_word' id='word_1_325' title='bbox 460 4378 652 4461; x_wconf 88' lang='lat' dir='ltr'>opitulante,</span> <span class='ocrx_word' id='word_1_326' title='bbox 682 4399 815 4446; x_wconf 91' lang='lat' dir='ltr'>cemere</span> <span class='ocrx_word' id='word_1_327' title='bbox 844 4381 961 4446; x_wconf 81' lang='lat' dir='ltr'>faciem</span> <span class='ocrx_word' id='word_1_328' title='bbox 991 4383 1063 4446; x_wconf 91' lang='lat' dir='ltr'>sine</span> <span class='ocrx_word' id='word_1_329' title='bbox 1100 4381 1291 4447; x_wconf 85' lang='lat' dir='ltr'>confusione</span> <span class='ocrx_word' id='word_1_330' title='bbox 1828 4373 1836 4388; x_wconf 86' lang='lat'>&#39;</span> 
     </span>
     <span class='ocr_line' id='line_1_39' title="bbox 394 4477 1290 4564; baseline 0.003 -22"><span class='ocrx_word' id='word_1_331' title='bbox 394 4479 486 4542; x_wconf 90' lang='lat' dir='ltr'>cuius</span> <span class='ocrx_word' id='word_1_332' title='bbox 509 4477 740 4542; x_wconf 88' lang='lat' dir='ltr'>incarnationis</span> <span class='ocrx_word' id='word_1_333' title='bbox 762 4479 944 4562; x_wconf 86' lang='lat' dir='ltr'>gaudemus</span> <span class='ocrx_word' id='word_1_334' title='bbox 964 4479 1196 4560; x_wconf 88' lang='lat' dir='ltr'>sollemnitate,</span> <span class='ocrx_word' id='word_1_335' title='bbox 1212 4500 1290 4564; x_wconf 87' lang='lat' dir='ltr'>qua-</span> 
     </span>
     <span class='ocr_line' id='line_1_40' title="bbox 392 4577 2167 4664; baseline 0.004 -22"><span class='ocrx_word' id='word_1_336' title='bbox 392 4579 482 4642; x_wconf 91' lang='lat' dir='ltr'>tinus</span> <span class='ocrx_word' id='word_1_337' title='bbox 507 4577 670 4660; x_wconf 89' lang='lat' dir='ltr'>purificati</span> <span class='ocrx_word' id='word_1_338' title='bbox 692 4577 829 4658; x_wconf 88' lang='lat' dir='ltr'>ieiuniis,</span> <span class='ocrx_word' id='word_1_339' title='bbox 851 4579 976 4644; x_wconf 92' lang='lat' dir='ltr'>cunctis</span> <span class='ocrx_word' id='word_1_340' title='bbox 997 4579 1129 4664; x_wconf 90' lang='lat' dir='ltr'>purgati</span> <span class='ocrx_word' id='word_1_341' title='bbox 1150 4600 1172 4645; x_wconf 92' lang='lat' dir='ltr'>a</span> <span class='ocrx_word' id='word_1_342' title='bbox 1193 4580 1290 4660; x_wconf 89' lang='lat' dir='ltr'>uitiis,</span> <span class='ocrx_word' id='word_1_343' title='bbox 1691 4648 1699 4663; x_wconf 62' lang='lat'>‚</span> <span class='ocrx_word' id='word_1_344' title='bbox 1768 4648 1802 4662; x_wconf 72' lang='grc'>,,</span> <span class='ocrx_word' id='word_1_345' title='bbox 1864 4647 1883 4662; x_wconf 76' lang='lat'><strong>„</strong></span> <span class='ocrx_word' id='word_1_346' title='bbox 1938 4647 1946 4662; x_wconf 68' lang='grc'><em>,</em></span> <span class='ocrx_word' id='word_1_347' title='bbox 2125 4647 2167 4664; x_wconf 70' lang='grc'>,,</span> 
     </span>
     <span class='ocr_line' id='line_1_41' title="bbox 393 4647 2237 4744; baseline 0.004 -4"><span class='ocrx_word' id='word_1_348' title='bbox 393 4675 514 4741; x_wconf 88' lang='lat' dir='ltr'>natalis</span> <span class='ocrx_word' id='word_1_349' title='bbox 552 4678 623 4741; x_wconf 89' lang='lat' dir='ltr'>eius</span> <span class='ocrx_word' id='word_1_350' title='bbox 659 4677 818 4742; x_wconf 85' lang='lat' dir='ltr'>interesse</span> <span class='ocrx_word' id='word_1_351' title='bbox 855 4697 1039 4744; x_wconf 86' lang='lat' dir='ltr'>mereamur</span> <span class='ocrx_word' id='word_1_352' title='bbox 1075 4678 1290 4744; x_wconf 89' lang='lat' dir='ltr'>sollemnibus</span> <span class='ocrx_word' id='word_1_353' title='bbox 1342 4668 1425 4726; x_wconf 59' lang='grc' dir='ltr'>Μ’</span> <span class='ocrx_word' id='word_1_354' title='bbox 1441 4658 1622 4732; x_wconf 60' lang='lat' dir='ltr'>expectata</span> <span class='ocrx_word' id='word_1_355' title='bbox 1643 4657 1804 4733; x_wconf 59' lang='lat' dir='ltr'>umgemu</span> <span class='ocrx_word' id='word_1_356' title='bbox 1826 4647 1884 4711; x_wconf 74' lang='lat' dir='ltr'>ffl¹¹</span> <span class='ocrx_word' id='word_1_357' title='bbox 1899 4657 1948 4713; x_wconf 65' lang='lat' dir='ltr'>tm</span> <span class='ocrx_word' id='word_1_358' title='bbox 1963 4668 2050 4713; x_wconf 67' lang='lat'><strong>”⁰¹¹³</strong></span> <span class='ocrx_word' id='word_1_359' title='bbox 2065 4655 2237 4713; x_wconf 56' lang='lat' dir='ltr'><strong>”ammte</strong></span> 
     </span>
     <span class='ocr_line' id='line_1_42' title="bbox 392 4746 1816 4858; baseline 0 -46"><span class='ocrx_word' id='word_1_360' title='bbox 392 4776 494 4840; x_wconf 46' lang='lat' dir='ltr'><strong>festis·</strong></span> <span class='ocrx_word' id='word_1_361' title='bbox 539 4775 601 4840; x_wconf 85' lang='lat' dir='ltr'>per</span> <span class='ocrx_word' id='word_1_362' title='bbox 616 4775 746 4858; x_wconf 43' lang='lat' dir='ltr'>qums·</span> <span class='ocrx_word' id='word_1_363' title='bbox 1340 4746 1527 4812; x_wconf 91' lang='lat' dir='ltr'>liberemur.</span> <span class='ocrx_word' id='word_1_364' title='bbox 1572 4748 1635 4814; x_wconf 88' lang='lat' dir='ltr'>Per</span> <span class='ocrx_word' id='word_1_365' title='bbox 1650 4748 1816 4814; x_wconf 73' lang='lat' dir='ltr'>eundemt</span> 
     </span>
    </p>
   </div>
   <div class='ocr_carea' id='block_1_16' title="bbox 1387 4036 2239 4122">
    <p class='ocr_par' dir='ltr' id='par_1_21' title="bbox 1387 4036 2239 4122">
     <span class='ocr_line' id='line_1_43' title="bbox 1387 4036 2239 4122; baseline -0.004 -19"><span class='ocrx_word' id='word_1_366' title='bbox 1387 4039 1489 4118; x_wconf 89' lang='lat' dir='ltr'>Deus,</span> <span class='ocrx_word' id='word_1_367' title='bbox 1512 4039 1568 4122; x_wconf 92' lang='lat' dir='ltr'>qui</span> <span class='ocrx_word' id='word_1_368' title='bbox 1590 4038 1751 4122; x_wconf 90' lang='lat' dir='ltr'>conspicis</span> <span class='ocrx_word' id='word_1_369' title='bbox 1772 4037 1849 4121; x_wconf 91' lang='lat' dir='ltr'>quia</span> <span class='ocrx_word' id='word_1_370' title='bbox 1873 4058 1917 4102; x_wconf 88' lang='lat' dir='ltr'>ex</span> <span class='ocrx_word' id='word_1_371' title='bbox 1941 4045 2053 4101; x_wconf 87' lang='lat' dir='ltr'>nostra</span> <span class='ocrx_word' id='word_1_372' title='bbox 2077 4036 2239 4120; x_wconf 86' lang='lat' dir='ltr'>prauitate</span> 
     </span>
    </p>
   </div>
   <div class='ocr_carea' id='block_1_17' title="bbox 1341 4447 2238 4633">
    <p class='ocr_par' dir='ltr' id='par_1_22' title="bbox 1341 4447 2238 4633">
     <span class='ocr_line' id='line_1_44' title="bbox 1388 4447 2238 4532; baseline -0.001 -18"><span class='ocrx_word' id='word_1_373' title='bbox 1388 4447 1552 4527; x_wconf 89' lang='lat' dir='ltr'>Concede,</span> <span class='ocrx_word' id='word_1_374' title='bbox 1569 4469 1760 4532; x_wconf 90' lang='lat' dir='ltr'>quesumus,</span> <span class='ocrx_word' id='word_1_375' title='bbox 1774 4448 1986 4532; x_wconf 87' lang='lat' dir='ltr'>omnipotens</span> <span class='ocrx_word' id='word_1_376' title='bbox 2005 4449 2096 4528; x_wconf 92' lang='lat' dir='ltr'>deus,</span> <span class='ocrx_word' id='word_1_377' title='bbox 2111 4458 2148 4513; x_wconf 91' lang='lat' dir='ltr'>ut</span> <span class='ocrx_word' id='word_1_378' title='bbox 2161 4449 2238 4532; x_wconf 91' lang='lat' dir='ltr'>quia</span> 
     </span>
     <span class='ocr_line' id='line_1_45' title="bbox 1341 4548 2237 4633; baseline -0.003 -19"><span class='ocrx_word' id='word_1_379' title='bbox 1341 4548 1403 4614; x_wconf 89' lang='lat' dir='ltr'>sub</span> <span class='ocrx_word' id='word_1_380' title='bbox 1419 4549 1547 4633; x_wconf 91' lang='lat' dir='ltr'>peccati</span> <span class='ocrx_word' id='word_1_381' title='bbox 1568 4549 1645 4633; x_wconf 92' lang='lat' dir='ltr'>iugo</span> <span class='ocrx_word' id='word_1_382' title='bbox 1668 4548 1737 4614; x_wconf 84' lang='lat' dir='ltr'>ex⁴</span> <span class='ocrx_word' id='word_1_383' title='bbox 1751 4557 1884 4613; x_wconf 90' lang='lat' dir='ltr'>uetusta</span> <span class='ocrx_word' id='word_1_384' title='bbox 1906 4549 2064 4614; x_wconf 88' lang='lat' dir='ltr'>seruitute</span> <span class='ocrx_word' id='word_1_385' title='bbox 2086 4549 2237 4633; x_wconf 89' lang='lat' dir='ltr'>deprimi·</span> 
     </span>
    </p>
   </div>
   <div class='ocr_carea' id='block_1_18' title="bbox 686 4936 2182 5075">
    <p class='ocr_par' dir='ltr' id='par_1_23' title="bbox 686 4936 2182 5075">
     <span class='ocr_line' id='line_1_46' title="bbox 686 4936 2045 5021; baseline -0.007 -22"><span class='ocrx_word' id='word_1_386' title='bbox 686 4936 749 5002; x_wconf 80' lang='lat' dir='ltr'>Ad</span> <span class='ocrx_word' id='word_1_387' title='bbox 765 4937 994 5021; x_wconf 70' lang='lat' dir='ltr'>complendum,</span> <span class='ocrx_word' id='word_1_388' title='bbox 1373 4938 1518 5006; x_wconf 71' lang='lat' dir='ltr'>¹a1&gt;rope</span> <span class='ocrx_word' id='word_1_389' title='bbox 1529 4940 1709 4998; x_wconf 76' lang='lat' dir='ltr'>cstodomine.</span> <span class='ocrx_word' id='word_1_390' title='bbox 1847 4951 1874 4990; x_wconf 86' lang='grc' dir='ltr'>ν.</span> <span class='ocrx_word' id='word_1_391' title='bbox 1887 4937 2045 4989; x_wconf 72' lang='lat' dir='ltr'>benedixisti.</span> 
     </span>
     <span class='ocr_line' id='line_1_47' title="bbox 1400 5015 2182 5075; baseline -0.003 -7"><span class='ocrx_word' id='word_1_392' title='bbox 1400 5029 1428 5070; x_wconf 78' lang='lat' dir='ltr'>V.</span> <span class='ocrx_word' id='word_1_393' title='bbox 1442 5019 1512 5069; x_wconf 87' lang='lat' dir='ltr'>Beati</span> <span class='ocrx_word' id='word_1_394' title='bbox 1524 5017 1676 5072; x_wconf 81' lang='lat' dir='ltr'>inmaculati.</span> <span class='ocrx_word' id='word_1_395' title='bbox 1847 5027 1890 5068; x_wconf 75' lang='lat' dir='ltr'>or.</span> <span class='ocrx_word' id='word_1_396' title='bbox 1903 5015 1980 5075; x_wconf 82' lang='lat' dir='ltr'>Deus,</span> <span class='ocrx_word' id='word_1_397' title='bbox 1991 5023 2019 5066; x_wconf 89' lang='lat' dir='ltr'>tu</span> <span class='ocrx_word' id='word_1_398' title='bbox 2029 5021 2182 5068; x_wconf 63' lang='lat' dir='ltr'>ennomus.</span> 
     </span>
    </p>
   </div>
   <div class='ocr_carea' id='block_1_19' title="bbox 438 5059 2191 5242">
    <p class='ocr_par' dir='ltr' id='par_1_24' title="bbox 438 5059 2191 5242">
     <span class='ocr_line' id='line_1_48' title="bbox 438 5059 2191 5149; baseline 0.009 -23"><span class='ocrx_word' id='word_1_399' title='bbox 438 5059 599 5127; x_wconf 87' lang='lat' dir='ltr'>Salutaris</span> <span class='ocrx_word' id='word_1_400' title='bbox 613 5061 671 5137; x_wconf 90' lang='lat' dir='ltr'>tui,</span> <span class='ocrx_word' id='word_1_401' title='bbox 688 5060 831 5142; x_wconf 91' lang='lat' dir='ltr'>domine,</span> <span class='ocrx_word' id='word_1_402' title='bbox 847 5083 982 5128; x_wconf 89' lang='lat' dir='ltr'>munere</span> <span class='ocrx_word' id='word_1_403' title='bbox 999 5062 1110 5129; x_wconf 90' lang='lat' dir='ltr'>satiati</span> <span class='ocrx_word' id='word_1_404' title='bbox 1125 5065 1290 5148; x_wconf 91' lang='lat' dir='ltr'>supplices</span> <span class='ocrx_word' id='word_1_405' title='bbox 1402 5109 1426 5147; x_wconf 60' lang='lat' dir='ltr'>p,</span> <span class='ocrx_word' id='word_1_406' title='bbox 1439 5096 1549 5148; x_wconf 82' lang='lat' dir='ltr'>Ostende</span> <span class='ocrx_word' id='word_1_407' title='bbox 1559 5097 1640 5149; x_wconf 80' lang='lat' dir='ltr'>nobis.</span> <span class='ocrx_word' id='word_1_408' title='bbox 1848 5105 1891 5145; x_wconf 79' lang='lat'>00.</span> <span class='ocrx_word' id='word_1_409' title='bbox 1903 5094 1968 5145; x_wconf 72' lang='lat' dir='ltr'>Ecoe</span> <span class='ocrx_word' id='word_1_410' title='bbox 1978 5094 2092 5145; x_wconf 78' lang='lat' dir='ltr'>dominus</span> <span class='ocrx_word' id='word_1_411' title='bbox 2103 5096 2191 5146; x_wconf 72' lang='lat' dir='ltr'>ueniet.</span> 
     </span>
     <span class='ocr_line' id='line_1_49' title="bbox 1373 5172 2043 5242; baseline 0 -5"><span class='ocrx_word' id='word_1_412' title='bbox 1373 5175 1383 5206; x_wconf 91' lang='lat'><strong>¹</strong></span> <span class='ocrx_word' id='word_1_413' title='bbox 1399 5175 1432 5226; x_wconf 86' lang='lat'>0·</span> <span class='ocrx_word' id='word_1_414' title='bbox 1443 5192 1468 5242; x_wconf 78' lang='lat' dir='ltr'>o·</span> <span class='ocrx_word' id='word_1_415' title='bbox 1481 5174 1538 5238; x_wconf 78' lang='lat'>³46·</span> <span class='ocrx_word' id='word_1_416' title='bbox 1550 5177 1578 5226; x_wconf 66' lang='grc' dir='ltr'><strong>Ζ</strong></span> <span class='ocrx_word' id='word_1_417' title='bbox 1881 5174 1891 5205; x_wconf 86' lang='lat'><strong>¹</strong></span> <span class='ocrx_word' id='word_1_418' title='bbox 1907 5172 1954 5224; x_wconf 74' lang='lat' dir='ltr'>See</span> <span class='ocrx_word' id='word_1_419' title='bbox 1965 5188 1990 5238; x_wconf 79' lang='lat' dir='ltr'>r&gt;-</span> <span class='ocrx_word' id='word_1_420' title='bbox 2005 5173 2043 5236; x_wconf 82' lang='lat'>⁷8·</span> 
     </span>
    </p>
   </div>
   <div class='ocr_carea' id='block_1_20' title="bbox 424 5247 2235 5706">
    <p class='ocr_par' dir='ltr' id='par_1_25' title="bbox 425 5247 2098 5317">
     <span class='ocr_line' id='line_1_50' title="bbox 425 5247 2098 5317; baseline 0.001 -17"><span class='ocrx_word' id='word_1_421' title='bbox 425 5247 507 5300; x_wconf 84' lang='lat' dir='ltr'>¹Gel.</span> <span class='ocrx_word' id='word_1_422' title='bbox 518 5266 545 5317; x_wconf 91' lang='lat' dir='ltr'>p.</span> <span class='ocrx_word' id='word_1_423' title='bbox 556 5249 613 5313; x_wconf 83' lang='lat'>681,</span> <span class='ocrx_word' id='word_1_424' title='bbox 625 5267 672 5302; x_wconf 82' lang='lat' dir='ltr'>om.</span> <span class='ocrx_word' id='word_1_425' title='bbox 685 5253 713 5303; x_wconf 87' lang='lat' dir='ltr'>Z.</span> <span class='ocrx_word' id='word_1_426' title='bbox 1389 5264 1416 5304; x_wconf 81' lang='grc' dir='ltr'>Α.</span> <span class='ocrx_word' id='word_1_427' title='bbox 1428 5254 1500 5312; x_wconf 86' lang='lat' dir='ltr'>Veni,</span> <span class='ocrx_word' id='word_1_428' title='bbox 1510 5259 1536 5303; x_wconf 85' lang='lat' dir='ltr'>et</span> <span class='ocrx_word' id='word_1_429' title='bbox 1547 5253 1648 5304; x_wconf 83' lang='lat' dir='ltr'>ostende</span> <span class='ocrx_word' id='word_1_430' title='bbox 1658 5251 1740 5306; x_wconf 90' lang='lat' dir='ltr'>nobis.</span> <span class='ocrx_word' id='word_1_431' title='bbox 1846 5249 2098 5303; x_wconf 73' lang='lat' dir='ltr'>v.Asummooaelo.</span> 
     </span>
    </p>

    <p class='ocr_par' dir='ltr' id='par_1_26' title="bbox 424 5324 2235 5634">
     <span class='ocr_line' id='line_1_51' title="bbox 424 5324 2213 5398; baseline 0.002 -21"><span class='ocrx_word' id='word_1_432' title='bbox 424 5324 436 5354; x_wconf 83' lang='lat'><strong>¹</strong></span> <span class='ocrx_word' id='word_1_433' title='bbox 450 5339 477 5377; x_wconf 78' lang='grc' dir='ltr'>Δ.</span> <span class='ocrx_word' id='word_1_434' title='bbox 489 5328 590 5386; x_wconf 83' lang='lat' dir='ltr'>Rorate,</span> <span class='ocrx_word' id='word_1_435' title='bbox 601 5329 655 5380; x_wconf 85' lang='lat' dir='ltr'>caeli</span> <span class='ocrx_word' id='word_1_436' title='bbox 667 5328 779 5396; x_wconf 88' lang='lat' dir='ltr'>desuper.</span> <span class='ocrx_word' id='word_1_437' title='bbox 899 5343 925 5383; x_wconf 75' lang='lat' dir='ltr'>R.</span> <span class='ocrx_word' id='word_1_438' title='bbox 936 5331 1019 5398; x_wconf 87' lang='lat' dir='ltr'>Prope</span> <span class='ocrx_word' id='word_1_439' title='bbox 1029 5337 1067 5382; x_wconf 88' lang='lat' dir='ltr'>est</span> <span class='ocrx_word' id='word_1_440' title='bbox 1078 5332 1201 5384; x_wconf 87' lang='lat' dir='ltr'>dominus.</span> <span class='ocrx_word' id='word_1_441' title='bbox 1389 5343 1426 5382; x_wconf 71' lang='lat' dir='ltr'>es</span> <span class='ocrx_word' id='word_1_442' title='bbox 1438 5331 1487 5397; x_wconf 90' lang='lat' dir='ltr'>Qui</span> <span class='ocrx_word' id='word_1_443' title='bbox 1499 5331 1565 5397; x_wconf 85' lang='lat' dir='ltr'>regis</span> <span class='ocrx_word' id='word_1_444' title='bbox 1575 5331 1657 5382; x_wconf 81' lang='lat' dir='ltr'>israel</span> <span class='ocrx_word' id='word_1_445' title='bbox 1847 5341 1873 5380; x_wconf 76' lang='grc' dir='ltr'>ι.</span> <span class='ocrx_word' id='word_1_446' title='bbox 1885 5328 2003 5386; x_wconf 85' lang='lat' dir='ltr'>Domine,</span> <span class='ocrx_word' id='word_1_447' title='bbox 2014 5327 2075 5379; x_wconf 84' lang='lat' dir='ltr'>deus</span> <span class='ocrx_word' id='word_1_448' title='bbox 2085 5329 2213 5380; x_wconf 87' lang='lat' dir='ltr'>uirtntum.</span> 
     </span>
     <span class='ocr_line' id='line_1_52' title="bbox 452 5405 2235 5476; baseline 0.001 -20"><span class='ocrx_word' id='word_1_449' title='bbox 452 5418 489 5457; x_wconf 71' lang='lat' dir='ltr'>es</span> <span class='ocrx_word' id='word_1_450' title='bbox 502 5408 565 5458; x_wconf 82' lang='lat' dir='ltr'>Caeli</span> <span class='ocrx_word' id='word_1_451' title='bbox 576 5415 696 5460; x_wconf 72' lang='lat' dir='ltr'>manant.</span> <span class='ocrx_word' id='word_1_452' title='bbox 898 5419 924 5458; x_wconf 77' lang='lat' dir='ltr'>V.</span> <span class='ocrx_word' id='word_1_453' title='bbox 936 5408 1050 5459; x_wconf 76' lang='lat' dir='ltr'>Laudem</span> <span class='ocrx_word' id='word_1_454' title='bbox 1060 5409 1162 5462; x_wconf 87' lang='lat' dir='ltr'>domiui.</span> <span class='ocrx_word' id='word_1_455' title='bbox 1389 5421 1414 5459; x_wconf 73' lang='lat' dir='ltr'>a.</span> <span class='ocrx_word' id='word_1_456' title='bbox 1426 5409 1556 5460; x_wconf 84' lang='lat' dir='ltr'>Asummo</span> <span class='ocrx_word' id='word_1_457' title='bbox 1567 5408 1630 5460; x_wconf 80' lang='lat' dir='ltr'>caelo</span> <span class='ocrx_word' id='word_1_458' title='bbox 1641 5408 1756 5476; x_wconf 84' lang='lat' dir='ltr'>egressio.</span> <span class='ocrx_word' id='word_1_459' title='bbox 1845 5405 2235 5471; x_wconf 68' lang='lat' dir='ltr'>ulixeimdominepoteutum.</span> 
     </span>
     <span class='ocr_line' id='line_1_53' title="bbox 452 5483 2234 5552; baseline 0.001 -18"><span class='ocrx_word' id='word_1_460' title='bbox 452 5495 478 5534; x_wconf 75' lang='lat' dir='ltr'>a.</span> <span class='ocrx_word' id='word_1_461' title='bbox 488 5485 582 5536; x_wconf 86' lang='lat' dir='ltr'>Tollite</span> <span class='ocrx_word' id='word_1_462' title='bbox 593 5493 686 5551; x_wconf 79' lang='lat' dir='ltr'>portas.</span> <span class='ocrx_word' id='word_1_463' title='bbox 898 5488 1143 5539; x_wconf 79' lang='lat' dir='ltr'>or.Coulortamini.</span> <span class='ocrx_word' id='word_1_464' title='bbox 1389 5499 1416 5538; x_wconf 84' lang='lat' dir='ltr'>v,</span> <span class='ocrx_word' id='word_1_465' title='bbox 1428 5487 1624 5539; x_wconf 73' lang='lat' dir='ltr'>Calieumant.</span> <span class='ocrx_word' id='word_1_466' title='bbox 1846 5483 2234 5552; x_wconf 61' lang='lat' dir='ltr'>mExcitudominepotmtim</span> 
     </span>
     <span class='ocr_line' id='line_1_54' title="bbox 452 5561 2105 5634; baseline 0.003 -25"><span class='ocrx_word' id='word_1_467' title='bbox 452 5572 479 5612; x_wconf 85' lang='lat' dir='ltr'>v,</span> <span class='ocrx_word' id='word_1_468' title='bbox 491 5561 553 5626; x_wconf 87' lang='lat' dir='ltr'>Quis</span> <span class='ocrx_word' id='word_1_469' title='bbox 564 5563 687 5614; x_wconf 77' lang='lat' dir='ltr'>ascendet.</span> <span class='ocrx_word' id='word_1_470' title='bbox 898 5575 942 5616; x_wconf 76' lang='grc' dir='ltr'>σο.</span> <span class='ocrx_word' id='word_1_471' title='bbox 954 5566 1103 5632; x_wconf 79' lang='lat' dir='ltr'>Ecoeuirgo</span> <span class='ocrx_word' id='word_1_472' title='bbox 1114 5566 1244 5632; x_wconf 86' lang='lat' dir='ltr'>concipiet.</span> <span class='ocrx_word' id='word_1_473' title='bbox 1389 5578 1415 5616; x_wconf 78' lang='lat' dir='ltr'>n.</span> <span class='ocrx_word' id='word_1_474' title='bbox 1427 5565 1459 5615; x_wconf 90' lang='lat' dir='ltr'>In</span> <span class='ocrx_word' id='word_1_475' title='bbox 1470 5566 1524 5618; x_wconf 87' lang='lat' dir='ltr'>sole</span> <span class='ocrx_word' id='word_1_476' title='bbox 1535 5565 1627 5634; x_wconf 84' lang='lat' dir='ltr'>posuit</span> <span class='ocrx_word' id='word_1_477' title='bbox 1846 5575 1873 5614; x_wconf 76' lang='lat' dir='ltr'>V.</span> <span class='ocrx_word' id='word_1_478' title='bbox 1885 5563 1936 5630; x_wconf 85' lang='lat' dir='ltr'>Qui</span> <span class='ocrx_word' id='word_1_479' title='bbox 1947 5562 2013 5629; x_wconf 82' lang='lat' dir='ltr'>regis</span> <span class='ocrx_word' id='word_1_480' title='bbox 2024 5561 2105 5614; x_wconf 79' lang='lat' dir='ltr'>israel</span> 
     </span>
    </p>

    <p class='ocr_par' dir='ltr' id='par_1_27' title="bbox 424 5638 1487 5706">
     <span class='ocr_line' id='line_1_55' title="bbox 424 5638 1487 5706; baseline 0.007 -17"><span class='ocrx_word' id='word_1_481' title='bbox 424 5638 482 5690; x_wconf 86' lang='lat'>¹0.</span> <span class='ocrx_word' id='word_1_482' title='bbox 494 5655 520 5705; x_wconf 89' lang='lat' dir='ltr'>p.</span> <span class='ocrx_word' id='word_1_483' title='bbox 532 5654 587 5706; x_wconf 74' lang='lat'>345.</span> <span class='ocrx_word' id='word_1_484' title='bbox 599 5641 626 5690; x_wconf 89' lang='lat' dir='ltr'>Z.</span> <span class='ocrx_word' id='word_1_485' title='bbox 1372 5641 1487 5696; x_wconf 79' lang='lat' dir='ltr'>¹O.om.</span> 
     </span>
    </p>
   </div>
   <div class='ocr_carea' id='block_1_21' title="bbox 0 0 2566 6608">
    <p class='ocr_par' dir='ltr' id='par_1_28' title="bbox 0 0 2566 6608">
     <span class='ocr_line' id='line_1_56' title="bbox 0 0 2566 6608; baseline 0 2"><span class='ocrx_word' id='word_1_486' title='bbox 0 0 2566 6608; x_wconf 95' lang='lat' dir='ltr'> </span> 
     </span>
    </p>
   </div>
  </div>
 </body>
</html>
