5122 6610
450 601 537 688 50}-
554 601 736 696 fonnem,
754 603 870 687 luban.
888 603 993 696 nunt.

273 802 474 887 celebrantes
489 804 579 868 beati
596 803 738 887 apostoli
753 803 801 868 tui
821 802 1042 869 bartholomei
1057 802 1170 869 uotiua

273 902 451 983 sollemnia,
466 911 501 969 et
516 913 677 987 perpetua
692 903 809 976 merita
824 912 1031 969 uenerantes.
1075 903 1138 969 Per
1147 901 1168 963 ¹.

331 1159 377 1224 Ἡ.
390 1158 450 1224 lsai
464 1176 527 1242 sep.
554 1157 668 1225 Natali
682 1159 777 1223 sandi
790 1158 927 1236 termetis
940 1157 1117 1242 sincipiti*

311 1312 414 1386 Deus,
444 1308 500 1394 qui
530 1310 667 1375 beatum
696 1307 833 1372 hermen
863 1317 1044 1391 martyrem
1073 1319 1169 1374 tuum

270 1412 388 1476 uirtute
410 1411 606 1475 constantiae
623 1411 656 1472 in
672 1410 826 1491 passione
848 1408 1020 1486 roborasti,
1038 1430 1082 1473 ex
1099 1411 1169 1474 eius

273 1511 365 1575 nobis
381 1510 566 1574 imitatione
586 1509 695 1590 tribue
713 1529 774 1591 pro
795 1528 908 1572 amore
930 1516 990 1572 tuo
1011 1529 1169 1592 prospera

273 1611 383 1675 mundi
398 1611 576 1693 despicere,
589 1618 624 1673 et
639 1607 729 1672 nulla
742 1609 810 1673 eius
824 1610 964 1673 aduersa
978 1607 1167 1675 formidare.

270 1713 350 1776 Pers

646 1794 787 1860 Secreta.

311 1895 515 1988 Sacrificium
542 1918 613 1996 tibi,
641 1920 784 1998 domine,
812 1919 919 1985 laudis
943 1917 1111 1984 offerimus
1133 1919 1166 1983 in

270 2031 399 2088 tuorum
425 2021 741 2086 commemoratione
768 2029 978 2096 sanctorum3
1011 2019 1063 2097 da,
1088 2039 1168 2102 que-

269 2143 386 2200 sumus,
402 2130 439 2188 ut
457 2123 546 2204 quod
566 2122 629 2185 illis
652 2120 791 2185 contulit
812 2121 952 2205 gloriam
975 2120 1070 2184 nobis
1091 2141 1167 2204 pro-

270 2225 310 2288 sit
323 2223 366 2288 ad
381 2221 533 2288 salutem.
579 2223 664 2288 Pers

625 2384 800 2468 Proesatio.

309 2512 353 2579 U.
370 2512 413 2576 D.
430 2519 553 2576 aeterne
568 2510 657 2577 deus.
703 2510 870 2595 Quoniam
886 2509 1081 2575 fiducialiter
1095 2508 1165 2574 lau-

270 2614 318 2677 dis
333 2612 392 2677 tibi
408 2612 533 2676 hostias
549 2611 769 2687 immolamus,
786 2631 869 2694 quas
888 2610 993 2675 sancti
1009 2609 1166 2674 hermetis

270 2713 420 2796 martyris
435 2713 482 2776 tui
498 2712 649 2796 precibus
664 2713 725 2776 tibi
741 2731 814 2776 esse
833 2711 979 2795 petimus
1002 2720 1165 2793 acceptas.

269 2814 329 2879 Per
342 2812 500 2879 christum
512 2811 535 2877 ³.

561 2910 624 2975 Ad
640 2908 869 2993 complendum.

309 3036 451 3120 Repleti,
481 3037 622 3115 domine,
651 3035 885 3101 benedictione
917 3033 1052 3111 caelesti,
1083 3055 1164 3118 que·

268 3159 377 3204 sumus
400 3138 610 3204 clementiam
632 3149 735 3216 tuam,
757 3146 802 3216 ut,
817 3137 1042 3202 intercedente
1063 3136 1165 3203 beato

269 3237 440 3326 herme(te)
471 3249 617 3321 martyre
641 3248 710 3312 tuo,
734 3258 809 3320 quae
830 3237 999 3304 humiliter
1020 3238 1164 3322 gerimus

268 3340 439 3407 salubriter
453 3342 644 3406 sentiamus.
687 3340 774 3408 Per!

276 3601 518 3684 1111111111.
549 3601 714 3666 ustulatis
730 3602 827 3666 sandi
842 3600 976 3678 inbannis
990 3602 1124 3683 baptista
1133 3605 1153 3665 ⁴.

306 3751 476 3836 Perpetuis
489 3772 557 3829 nos,
569 3751 713 3828 domine,
723 3751 829 3817 sancti
841 3750 993 3816 iohannis
1007 3751 1162 3834 baptistae

265 3858 352 3915 tuere
368 3851 536 3934 praesidiis,
551 3861 585 3916 et
601 3861 726 3934 quanto
746 3849 926 3934 fragiliores
941 3871 1053 3916 sumus
1069 3861 1163 3917 tanto

266 3950 367 4034 magis
382 3950 572 4016 necessariis
586 3950 712 4017 adtolle
727 3951 898 4035 suffragiis.
937 3949 1032 4016 Per⁵.

645 4112 787 4179 Secreta.

306 4238 447 4305 Munera
472 4240 541 4317 tibi,
563 4241 705 4314 domine,
729 4260 789 4323 pro
812 4241 918 4305 sancti
947 4239 1087 4304 martiris
1113 4240 1161 4304 tui

264 4337 412 4404 iohannis
436 4339 591 4423 baptistae
616 4341 768 4423 passione
790 4339 979 4416 deferimus,
1002 4340 1058 4422 qui
1081 4339 1161 4404 dum

291 4561 346 4612 ¹R
365 4579 390 4628 p.
405 4577 468 4626 134;
489 4562 521 4612 Y.
533 4561 575 4612 sol.
589 4575 636 4626 113
648 4577 678 4620 a:
701 4577 720 4612 4
739 4564 822 4627 Super
837 4564 897 4628 Pop.
922 4563 1037 4628 Protege,
1054 4563 1161 4624 domine,

262 4640 380 4706 populum
391 4647 470 4699 tuum,
481 4649 528 4691 etc.
541 4640 714 4705 apostolorum
726 4648 824 4692 tuorum
840 4642 981 4708 patrocinio
996 4640 1162 4692 confidentem

262 4725 378 4784 perpetus
389 4717 531 4769 defensione
542 4733 680 4768 conserues.
714 4719 767 4771 Per.
785 4720 813 4770 Z.

291 4795 301 4826 ¹
317 4809 343 4848 a
356 4787 518 4862 Sapientiam.
768 4809 812 4848 At..
823 4797 985 4848 Exultabuut.

316 4886 352 4925 PS.
363 4875 420 4925 Celi
430 4881 552 4925 euenum.
767 4887 811 4926 οῖ.
822 4876 986 4926 Exultnbunt.

316 4964 341 5002 R.
352 4953 487 5004 Iustorum.
768 4965 810 5004 co,
821 4955 878 5020 Ego
889 4970 934 5005 uos
945 4954 1019 5020 elegi.

316 5042 342 5082 v.
352 5031 408 5082 Uisi
419 5038 476 5082 sunt
488 5029 576 5082 oculis.

291 5106 302 5139 ⁸
316 5108 349 5159 0.
360 5125 385 5174 p.
400 5124 455 5172 ³3²·
468 5111 495 5160 Z.

292 5185 302 5216 ⁴
315 5199 341 5238 Α.
353 5187 436 5237 Iustus
447 5196 474 5239 ut
484 5188 577 5253 palma.

315 5277 351 5318 PS.
364 5265 463 5315 Bonum
474 5274 519 5316 est.

315 5355 340 5395 n.
352 5344 468 5398 Posuisti.
481 5343 589 5396 domiue.

315 5433 341 5472 v.
353 5421 519 5473 Desiderium.

288 5499 385 5551 *Pam
402 5515 427 5566 p.
445 5513 502 5566 335.
535 5502 586 5551 For
603 5501 654 5551 this
671 5500 737 5552 Coll
754 5501 787 5552 Y.
805 5501 833 5554 Z.
849 5501 996 5554 substitute:
1018 5501 1103 5554 Sancti
1122 5503 1158 5552 io·

259 5577 345 5630 bannis
356 5579 425 5643 bapt.
436 5587 461 5628 et
472 5587 544 5630 mart
555 5579 600 5636 tui,
612 5579 719 5641 domine,
731 5595 872 5645 quesumus,
887 5581 1026 5635 normands
1036 5581 1159 5634 sestiuitns

259 5655 372 5708 salutaris
383 5655 469 5707 auxilii
479 5656 553 5708 nobis
563 5664 656 5723 prestet
667 5657 787 5712 ellectum.
823 5659 878 5710 Per.

766 5199 810 5240 AL.
825 5187 984 5254 MinabtlisJ.

766 5278 809 5318 or.
822 5267 907 5318 Iustus
918 5275 946 5317 ut
957 5267 1050 5333 pdma.

766 5356 809 5398 co.
820 5345 982 5412 M[irnbilis].

1559 603 1612 692 ᾖ.
1630 603 1784 691 §abitu
2054 627 2121 702 157

1225 802 1337 870 finitur
1351 803 1384 868 in
1399 803 1495 871 terris
1506 803 1612 872 factus
1624 816 1676 874 est
1687 805 1811 873 caelesti
1822 809 1902 872 sede
1913 810 2122 892 perpetuus¹.

1224 901 1313 968 Peri

1582 990 1757 1074 Proesatzb.

1265 1101 1309 1168 U.
1329 1101 1373 1168 D.
1394 1124 1453 1186 per
1474 1103 1633 1169 christum
1656 1104 1830 1168 dominum
1852 1114 2009 1170 nostnrm.
2056 1106 2123 1190 Qui

1221 1225 1445 1289 precursorem
1463 1204 1520 1269 filii
1536 1205 1585 1270 tui
1599 1215 1695 1270 tanto
1719 1226 1853 1270 munere
1874 1206 1989 1272 ditasti
2009 1216 2046 1271 ut
2062 1229 2122 1291 pro

1221 1308 1369 1373 ueritatis
1384 1309 1538 1391 preconio
1555 1309 1663 1391 capite
1683 1308 1890 1393 plecteretur,
1904 1311 2006 1394 etqui
2022 1310 2122 1376 chris·

1220 1414 1293 1471 tum
1315 1427 1401 1491 aqua
1422 1407 1661 1491 baptizauerat,
1678 1408 1721 1473 ab
1737 1409 1810 1492 ipso
1829 1410 1862 1473 in
1881 1411 1997 1493 spiritu
2013 1409 2123 1493 bapti-

1220 1517 1321 1586 zatuS,
1344 1529 1405 1592 pro
1427 1509 1546 1573 eodem
1569 1510 1705 1592 proprio
1726 1509 1887 1592 sanguine
1909 1511 2122 1593 tingueretur.

1221 1608 1322 1690 Preco
1334 1608 1458 1692 quippe
1473 1609 1631 1684 ueritatis,
1642 1631 1716 1693 quae
1732 1608 1871 1674 christus
1888 1620 1947 1690 est,
1962 1610 2121 1675 herodem

1219 1728 1239 1772 a
1254 1707 1405 1772 sratemis
1420 1707 1576 1773 thalamis
1591 1708 1808 1793 prohibendo,
1825 1710 1962 1775 carceris
1977 1709 2121 1774 obscuri·

1218 1809 1280 1874 tati
1298 1809 1492 1885 detruditur,
1510 1808 1566 1872 ubi
1588 1809 1678 1874 solus
1700 1808 1884 1874 diuinitatis
1906 1817 1974 1872 tuae
1995 1807 2120 1872 lumine

1217 1908 1386 1984 frueretur,
1403 1909 1524 1972 deinde
1547 1908 1725 1992 capitalem
1746 1908 1944 1972 sententiam
1960 1908 2069 1984 subiit,
2087 1918 2121 1972 et

1219 2007 1263 2071 ad
1288 2007 1414 2072 inferna
1440 2008 1613 2072 dominum
1641 2028 1851 2092 precursurus
1877 2008 2061 2084 descendit,
2086 2018 2121 2072 et

1219 2126 1319 2188 quem
1339 2107 1373 2169 in
1396 2107 1522 2172 mundo
1545 2107 1651 2190 digito
1673 2099 1922 2188 dembnstrauit,
1941 2108 1984 2172 ad
2000 2106 2121 2172 inferos

1218 2205 1366 2288 preciosa
1381 2217 1489 2271 morte
1504 2209 1671 2290 precessit.
1716 2207 1763 2273 Et
1778 2209 1853 2272 ideo
1863 2207 1886 2267 ³.

1513 2369 1575 2433 Ad
1592 2369 1822 2452 complendum.

1260 2479 1357 2544 Beati
1367 2499 1436 2559 nos,
1447 2481 1591 2558 domine,
1600 2480 1757 2565 baptistae
1767 2491 1801 2546 et
1813 2478 1996 2568 martyri(s)
2005 2480 2119 2546 iohan-

1217 2579 1268 2642 nis
1290 2580 1397 2644 oratio
1415 2601 1475 2663 per
1489 2579 1561 2645 haec
1584 2579 1743 2648 sacrificia
1765 2601 1841 2663 quae
1859 2583 2070 2664 sumpsimus,
2086 2591 2120 2646 et

1217 2679 1400 2764 intelligere
1415 2681 1527 2746 christi
1550 2682 1597 2746 tui
1621 2681 1816 2764 mysterium
1837 2681 1983 2766 postulet
1998 2692 2032 2747 et
2048 2703 2118 2747 me-

1217 2781 1288 2846 reri.
1335 2781 1398 2846 Per
1411 2780 1618 2846 dominum⁴.

1571 2935 1766 3000 Benedictio.

1260 3047 1363 3126 Deus,
1375 3046 1432 3130 qui
1446 3067 1507 3113 uos
1522 3047 1612 3113 beati
1627 3047 1778 3114 iohannis
1794 3046 1949 3130 baptistae
1966 3049 2119 3114 concedit

1215 3144 1389 3210 sollemnia
1417 3145 1634 3228 frequentare,
1660 3147 1784 3212 tribuat
1810 3146 1906 3212 uobis
1936 3156 1969 3211 et
1999 3150 2117 3213 eadem

1215 3244 1346 3311 deuotis
1363 3245 1530 3310 mentibus
1545 3245 1717 3326 celebrare,
1735 3256 1769 3311 et
1784 3266 1854 3310 suae
1874 3245 2113 3312 benedictionis

1215 3345 1304 3409 dona
1318 3346 1495 3429 percipere.
1540 3347 1663 3413 Amen.

1259 3447 1305 3511 Et
1320 3448 1376 3530 qui
1391 3467 1453 3530 pro
1475 3446 1558 3530 legis
1579 3447 1648 3511 eius
1671 3447 1836 3530 praeconio
1858 3447 2043 3512 carceribus
2066 3456 2118 3513 est

1215 3555 1358 3610 retrusus
1374 3546 1575 3625 intenebris,
1591 3547 1823 3611 intercessione
1846 3568 1905 3611 sua
1926 3569 1947 3611 a
1962 3548 2116 3612 tenebro-

1214 3666 1325 3711 sorum
1341 3666 1477 3729 operum
1494 3666 1555 3710 uos
1571 3645 1687 3710 liberet
1703 3646 1884 3712 incentiuis.
1925 3646 2049 3712 Amen.

1258 3745 1305 3810 Et
1320 3747 1377 3828 qui
1393 3743 1481 3833 (pro)
1496 3745 1647 3818 ueritate,
1663 3766 1739 3828 quae
1762 3747 1844 3810 deus
1862 3757 1921 3826 est,
1936 3756 2035 3829 caput
2051 3766 2118 3810 non

1214 3854 1265 3908 est
1287 3854 1459 3910 cunctatus
1482 3845 1644 3924 amittere,
1661 3866 1721 3909 suo
1743 3845 1929 3910 interuentu
1950 3846 1993 3909 ad
2017 3857 2118 3929 caput

1214 3953 1369 4020 uestrum,
1386 3944 1476 4029 quod
1494 3944 1634 4010 christus
1656 3954 1716 4025 est,
1732 3967 1792 4010 uos
1812 3945 1911 4011 saciat
1934 3947 2117 4030 pemenire.

1214 4044 1338 4109 Amen.

1257 4143 1357 4227 Quod
1373 4144 1444 4227 ipse
1458 4153 1606 4228 prestare
1625 4145 1780 4228 dignetur
1789 4143 1812 4208 ³.

1301 4392 1414 4458 dmm
1429 4393 1484 4459 tir.
1511 4391 1624 4459 Natali
1639 4397 1745 4458 sanem
1759 4391 1867 4456 sabine
1879 4390 2028 4473 nasutis.

1257 4524 1358 4602 Deus,
1376 4525 1431 4609 qui
1454 4525 1541 4590 inter
1554 4535 1664 4590 cetera
1684 4524 1844 4609 potentiae
1859 4534 1926 4588 tuae
1949 4522 2114 4602 miracula,

1213 4625 1314 4690 etiam
1337 4626 1370 4690 in
1394 4647 1478 4690 sexu
1501 4625 1608 4709 fragili
1630 4624 1803 4689 uictoriam
1826 4624 1975 4705 martyrii
1998 4633 2113 4688 contu·

1212 4725 1288 4803 listi,
1304 4727 1449 4791 concede
1464 4726 1625 4808 propitius
1644 4736 1681 4791 ut
1695 4725 1787 4789 cuius
1802 4721 1952 4787 natalitia
1968 4722 2114 4800 colimus,

1211 4847 1271 4911 per
1284 4825 1353 4891 eius
1369 4825 1525 4908 exempla
1540 4826 1584 4890 ad
1600 4835 1635 4890 te
1649 4825 1862 4908 gradiamur.⁷
1918 4822 1981 4886 Per
1989 4822 2011 4887 ⁰.

1244 5033 1253 5062 ²
1270 5047 1288 5082 ÷
1300 5048 1448 5098 quaesumus,
1465 5040 1492 5084 ut
1509 5033 1562 5084 eius
1585 5033 1689 5084 obtentu
1707 5030 1780 5082 nobis
1797 5028 1930 5097 proficiant
1948 5029 1981 5080 ad
1998 5029 2112 5080 salutern.

1211 5111 1402 5256 PellErllpllgo.
1571 5189 1582 5220 ¹
1598 5188 1630 5240 0.
1641 5205 1666 5254 p.
1677 5200 1740 5252 3333
1752 5187 1784 5238 Y.
1795 5186 1838 5238 iol.
1849 5200 1894 5252 115
1906 5201 1935 5243 a:
1953 5186 1981 5238 Z.

1242 5267 1252 5298 ⁴
1269 5267 1320 5318 For
1335 5267 1386 5318 this
1405 5267 1531 5318 Postcorn.
1546 5267 1577 5318 Y.
1596 5267 1624 5316 Z.
1641 5266 1789 5316 substitute:
1812 5265 1931 5316 Coniemt
1949 5263 2030 5325 nobis,
2046 5279 2112 5329 quae·

1210 5361 1302 5408 sumus,
1314 5345 1422 5402 domine,
1433 5346 1514 5395 uncti
1525 5344 1647 5402 iohannis,
1658 5350 1713 5404 etc,
1727 5359 1755 5394 us
1766 5344 1797 5394 R.
1809 5359 1834 5408 p.
1845 5343 1903 5408 481.

1242 5423 1253 5455 ι

1242 5423 1436 5562 ‘llllrllidlllos
1453 5500 1514 5551 deus
1529 5499 1646 5550 salutaris
1662 5507 1754 5560 noster,
1769 5507 1797 5550 ut
1813 5499 1877 5551 sicut
1893 5500 1925 5551 de
1935 5499 2010 5550 besta
2026 5498 2112 5566 sabine

1211 5578 1345 5630 iestiuitste
1355 5577 1500 5643 gaudemus,
1514 5579 1551 5629 itu
1562 5579 1604 5645 pie
1619 5579 1762 5630 deuotionis
1776 5579 1918 5630 erudiamur
1929 5578 2024 5631 ellectu.
2056 5577 2112 5629 Per.

1211 5657 1351 5724 Y.lol.115
1364 5658 1390 5709 b.
