5122 6610
457 531 526 600 186

675 530 744 624 ipro
760 531 899 623 petitione
914 530 1132 624 [normarum.

452 739 647 812 protegente
669 729 817 809 dextera,
837 752 968 815 semper
988 733 1149 800 catholica
1170 735 1354 820 gratuletur

452 830 598 894 ecclesia.
643 830 707 894 Per
736 831 906 896 dominum
930 828 943 918 (
965 835 986 882 *
1009 835 1029 880 *
1052 834 1134 900 deus
1160 846 1272 902 noster
1295 839 1352 920 qui

451 950 536 994 unus
551 929 585 993 in
600 929 747 995 trinitate
757 931 840 994 uiuis
852 941 885 997 et
897 951 1015 1015 regnas
1031 932 1113 997 deus
1125 954 1185 1018 per
1193 934 1321 1023 omnia)
1331 936 1351 1002 ¹.

826 1116 965 1180 Secreta.

494 1235 738 1326 Sacri(fi)cium,
770 1241 912 1317 domine,
939 1242 1029 1325 quod
1060 1242 1271 1308 immolamus
1300 1244 1348 1308 in-

449 1339 558 1415 tende,
569 1350 606 1404 ut
621 1340 664 1403 ab
679 1340 770 1404 omni
782 1361 984 1424 paganorum
998 1363 1058 1406 nos
1070 1352 1173 1408 exuat
1188 1344 1348 1409 bellorum

372 1465 378 1478 ·
448 1439 604 1524 nequitia,
632 1447 667 1504 ct
692 1439 725 1504 in
747 1449 804 1522 tue
830 1441 1044 1523 protectionis
1068 1443 1243 1510 securitate
1271 1464 1349 1509 con-

447 1539 573 1604 stituat.
620 1538 681 1603 Per
690 1537 713 1600 ².

812 1625 974 1708 Presatio.

492 1751 536 1816 U.
553 1752 596 1816 D.
615 1761 740 1817 aeteme
758 1754 851 1817 deus.
895 1750 965 1817 Sub
985 1753 1077 1817 cuius
1099 1755 1275 1837 potestatis
1296 1777 1347 1820 ar-

447 1851 545 1917 bitrio
565 1853 712 1917 omnium
731 1871 907 1934 regnorum
928 1853 1114 1917 continetur
1133 1862 1291 1936 potestas,
1313 1865 1348 1919 te

446 1951 614 2017 humiliter
633 1955 849 2035 deprecamur
866 1960 904 2014 ut
922 1950 1122 2035 principibus
1138 1954 1256 2018 nostris
1271 1974 1347 2037 pro-

445 2051 547 2134 pitius
568 2051 686 2116 adesse
707 2051 861 2135 digneris,
884 2049 935 2116 Ut
960 2052 1018 2133 qui
1040 2060 1099 2115 tua
1125 2061 1288 2134 expetunt
1311 2074 1347 2117 se

445 2153 650 2234 protectione
667 2150 810 2225 delendi,
828 2150 982 2214 omnibus
999 2152 1066 2214 sint
1084 2150 1235 2216 hostibus
1256 2152 1346 2217 sorti·

445 2270 528 2316 ores.
573 2252 635 2315 Per
649 2250 806 2315 christum
822 2251 994 2314 dominum
1010 2261 1170 2316 nostrum.

746 2430 807 2494 Ad
817 2429 1043 2513 complendum.

490 2555 585 2640 Quos
611 2556 743 2636 caelesti,
769 2558 912 2635 domine,
938 2557 1029 2620 dono
1053 2557 1193 2631 satiasti,
1220 2569 1346 2641 praesta

444 2675 631 2738 quesumus,
646 2666 683 2721 ut
704 2676 724 2720 a
740 2654 859 2722 nostris
878 2655 1075 2720 mundemur
1088 2655 1237 2733 occultis,
1252 2667 1286 2724 et
1301 2659 1345 2723 ab

443 2754 589 2820 hostium
609 2755 785 2820 liberemur
805 2755 949 2834 insidiis;
980 2766 1014 2820 et
1033 2754 1165 2820 famulis
1185 2757 1250 2820 tuis
1268 2777 1343 2821 cum

443 2855 596 2920 omnibus
610 2855 677 2919 suis
693 2853 926 2920 fluctuantibus
946 2855 980 2918 in
996 2855 1144 2920 aduersis
1159 2856 1260 2939 prebe
1278 2857 1344 2922 suf·

442 2953 591 3037 fragium,
611 2976 653 3019 ne
674 2955 770 3038 plebs
792 2954 969 3020 christiana
991 2975 1050 3038 per
1071 2955 1253 3020 infidelium
1276 2957 1343 3022 dis-

443 3054 565 3118 crimen
589 3053 693 3119 ullum
715 3055 819 3138 possit
840 3053 964 3118 habere
981 3053 1200 3138 dispendium,
1220 3056 1289 3134 sed,
1308 3067 1343 3122 te

441 3152 633 3237 opitulante,
657 3164 820 3219 mereatur
834 3149 885 3239 (b)
908 3155 951 3218 de
965 3150 1013 3240 (a)
1039 3164 1098 3219 tuo
1113 3152 1162 3240 (a)
1184 3157 1342 3239 gratulari

442 3253 570 3317 solatio.
617 3255 679 3318 Per
687 3252 710 3317 ³.

844 3339 939 3404 Alia.

486 3465 656 3530 Protector
672 3475 792 3544 noster,
807 3465 926 3549 aspice,
941 3465 1031 3542 deus,
1047 3474 1081 3529 et
1100 3485 1122 3528 a
1136 3485 1341 3550 paganorum

441 3584 502 3627 nos
531 3564 671 3628 deiende
703 3564 863 3646 periculis,
894 3573 939 3642 ut,
969 3563 1059 3628 omni
1093 3565 1342 3647 perturbatione

441 3663 605 3738 submota,
621 3663 732 3728 liberis
746 3663 807 3728 tibi
829 3663 995 3728 mentibus
1010 3663 1198 3728 semiamus.
1245 3666 1329 3731 Per.l

603 3943 714 4017 fflisaa
734 3961 785 4027 pra
806 3945 941 4026 petitione
962 3945 1144 4010 lacrimarum
1153 3947 1173 4009 ⁴.

486 4087 706 4172 Omnipotens
752 4090 926 4155 mitissime
973 4091 1064 4167 deus,
1109 4091 1166 4174 qui
1215 4091 1338 4157 sitienti

438 4187 563 4271 populo
598 4188 723 4254 sontem
757 4210 854 4272 aquae
886 4191 1028 4254 uiuentis
1058 4191 1103 4254 de
1138 4199 1233 4274 petra
1261 4212 1338 4274 pro·

439 4287 572 4365 duxisti,
592 4289 675 4353 educ
697 4289 740 4352 de
762 4290 869 4354 cordis
891 4289 993 4354 nostri
1017 4288 1137 4353 duritia
1159 4310 1336 4373 compunc-

438 4387 539 4450 tionis
580 4387 740 4466 lacrimas,
775 4396 813 4453 ut
853 4396 991 4472 peccata
1032 4397 1143 4452 nostra
1180 4388 1337 4474 plangere

438 4487 616 4562 ualeamus,
639 4489 941 4571 remissionemque,
963 4496 998 4552 te
1021 4488 1206 4566 miserante,
1231 4509 1334 4553 mere-

438 4607 532 4651 amur
545 4587 702 4671 accipere.
748 4587 842 4650 Per⁶.

839 4763 931 4827 Alia.

482 4889 702 4973 Omnipotens
735 4899 857 4954 aeteme
890 4890 980 4969 deus,
1012 4891 1055 4954 da
1088 4889 1188 4974 capiti
1222 4901 1335 4956 nostro

436 4988 698 5054 habundantiam
735 5008 828 5072 aque,
858 4997 893 5054 et
924 4989 1028 5054 oculis
1058 4989 1179 5055 nostris
1208 4990 1334 5055 iontem

435 5088 650 5166 lacrimarum,
676 5097 713 5151 ut
742 5088 869 5170 peccati
901 5088 1030 5153 macula
1059 5088 1172 5170 abluti,
1203 5088 1334 5155 ultrices

468 5277 475 5306 ¹
493 5277 517 5327 S.
530 5294 555 5344 p.
567 5278 639 5338 ΒΨ.
836 5275 847 5304 ¹
863 5276 920 5329 Gel.
931 5293 975 5344 pp.
986 5275 1044 5341 646,
1055 5277 1118 5342 728;
1129 5276 1160 5326 V.
1173 5293 1198 5343 p.
1211 5291 1266 5328 ποι.

467 5357 477 5386 ⁸
493 5355 518 5405 S.
530 5370 555 5420 p.
568 5355 645 5420 825*;
662 5370 744 5420 comp.
756 5354 813 5406 Gel.
824 5370 849 5420 p.
862 5353 918 5417 687.

467 5433 476 5462 ⁸
492 5431 555 5482 This
573 5433 653 5482 Missa
669 5449 776 5499 appears
787 5441 814 5484 to
824 5432 890 5483 bave
900 5433 963 5484 been
980 5433 1116 5499 composed
1129 5434 1162 5498 by
1173 5432 1273 5491 Alcuin,
1286 5433 1334 5499 Ep.

435 5510 468 5560 ad
479 5509 621 5572 Fuldenses,
634 5511 672 5560 ed.
684 5510 790 5562 Froben.
802 5511 819 5561 i.
830 5527 855 5576 p.
869 5510 925 5576 256.

466 5587 517 5638 ⁵8.
529 5603 554 5652 p.
566 5589 643 5654 819*;
660 5589 691 5639 R.
704 5605 729 5654 p.
740 5587 831 5639 lxxxiv.

1580 543 1836 628 iuuandarum.
1871 548 1916 621 ln
1932 545 2126 622 moralitas.

1404 759 1579 822 poenarum
1595 739 1747 808 flammas
1762 741 1860 810 fletus
1874 745 2026 812 ubertate
2041 746 2222 815 uincamus.
2247 751 2310 816 Per

1404 840 1587 907 dominum.

1785 932 1923 999 Secreta.

1448 1051 1510 1116 Per
1523 1052 1593 1128 has,
1609 1074 1796 1136 quesumus,
1812 1057 1955 1131 domine,
1972 1057 2168 1138 oblationes,
2183 1068 2221 1123 ut
2239 1080 2305 1124 non

1402 1159 1533 1215 tanturn
1555 1153 1659 1217 oculis
1682 1155 1803 1218 nostris
1825 1155 1977 1219 lacrimas
2002 1157 2167 1236 infundas,
2190 1161 2248 1226 sed
2272 1171 2307 1225 et

1401 1251 1492 1315 cordi
1507 1262 1621 1317 nostro
1635 1252 1772 1317 nimium
1786 1251 1937 1341 (habere)
1950 1268 2163 1339 peccatorum
2177 1258 2305 1325 luctum

1401 1350 1535 1416 tribuas.
1581 1350 1653 1416 Per.

1702 1439 1764 1502 Ad
1773 1441 2002 1523 complendum.

1445 1561 1591 1648 Corpore
1621 1573 1655 1628 et
1689 1565 1849 1647 sanguine
1878 1574 1938 1630 tuo
1967 1567 2087 1643 satiati,
2118 1589 2305 1651 quesumus,

1400 1665 1543 1742 domine,
1567 1672 1604 1729 ut
1631 1685 1691 1747 pro
1718 1665 1838 1729 nostris
1868 1685 1999 1748 semper
2030 1669 2184 1749 peccatis,
2209 1670 2305 1734 nobis

1400 1763 1690 1845 compunctionem
1722 1764 1839 1843 cordis,
1868 1775 1903 1830 et
1935 1764 2071 1843 luctum,
2102 1765 2304 1850 fluminaque

1400 1862 1607 1928 lacrimamm
1620 1863 1777 1948 largiaris,
1790 1872 1953 1947 quatenus
1968 1865 2135 1930 caelestem
2150 1868 2183 1930 in
2194 1866 2303 1932 futuro

1400 1962 1660 2029 consolationem
1677 1982 1870 2028 mereamur.
1893 1959 1976 2049 (Qui
1991 1961 2090 2050 uiuis)
2100 1963 2121 2030 ¹.

1599 2274 1711 2350 Μίκκα
1731 2275 1934 2354 nuoarbumm
1954 2277 2071 2359 propria
2079 2279 2100 2342 ¹.

1443 2421 1618 2487 Familiam
1654 2421 1752 2487 huius
1788 2419 1903 2508 (sacri)
1939 2423 2076 2506 cenobii,
2114 2445 2302 2509 quesumus,

1397 2521 1539 2601 domine,
1554 2523 1778 2589 intercedente
1793 2523 1893 2588 beata
1909 2523 2012 2587 maria
2030 2544 2161 2607 semper
2175 2526 2301 2610 uirgine

1397 2623 1445 2703 (et
1466 2634 1581 2689 sancto
1595 2625 1772 2689 benedicto
1795 2622 1981 2689 consessore
2004 2619 2075 2711 tuo)
2091 2635 2125 2691 et
2146 2628 2301 2693 omnibus

1396 2725 1528 2800 sanctis,
1549 2736 1712 2807 perpetuo
1733 2723 1882 2806 guberna
1903 2724 2139 2802 moderamine,
2158 2736 2195 2791 ut
2212 2729 2301 2794 adsit

1396 2824 1443 2886 eis
1457 2819 1581 2910 (nobis)
1596 2835 1630 2888 et
1645 2825 1679 2888 in
1694 2823 1869 2887 securitate
1883 2823 2021 2896 cautela,
2034 2834 2068 2889 et
2083 2824 2169 2891 inter
2183 2847 2301 2909 aspera

1394 2923 1561 2990 fortitudo.
1607 2926 1678 2991 Per.

1777 3013 1916 3079 Secreta.

1439 3134 1579 3201 Hostias
1605 3147 1742 3214 nostras,
1770 3158 1958 3220 quesumus,
1981 3139 2125 3218 domine,
2149 3139 2299 3223 placatus

1394 3236 1537 3315 intende,
1559 3248 1592 3302 et
1608 3258 1691 3321 quas
1713 3238 1925 3304 inhonorem
1948 3240 2090 3304 nominis
2111 3242 2160 3305 tui
2175 3243 2299 3306 deuota

1394 3344 1506 3400 mente
1528 3357 1588 3420 pro
1610 3338 1868 3421 congregatione
1895 3339 1958 3403 ista
1984 3338 2199 3419 celebramus,
2221 3361 2299 3424 pro·

1393 3434 1491 3500 ficere
1506 3435 1568 3500 sibi
1583 3437 1727 3504 sentiant
1742 3440 1787 3503 ad
1803 3438 1977 3504 medelam.
2024 3438 2095 3504 Per.
2374 3423 2378 3438 ’

1693 3613 1756 3678 Ad
1765 3613 1994 3697 complendum.

1437 3735 1585 3821 Suscipe,
1604 3759 1792 3822 quesumus,
1812 3740 1956 3819 domine,
1972 3759 2086 3823 preces
2106 3748 2245 3817 nostras,
2262 3751 2297 3806 et

1392 3859 1486 3901 muro
1502 3839 1651 3921 custodie
1666 3849 1723 3922 tue
1745 3838 1809 3903 hoc
1831 3849 1985 3904 sanctum
2005 3839 2092 3904 ouile
2107 3840 2295 3920 circumda;

1391 3949 1438 4013 ut,
1461 3938 1551 4002 omni
1578 3938 1777 4004 aduersitate
1800 3939 1946 4022 depulsa,
1971 3939 2014 4004 sit
2037 3960 2167 4024 semper
2188 3941 2295 4005 domi-

1391 4036 1502 4103 cilium
1516 4038 1752 4104 incolumitatis
1767 4050 1801 4104 et
1815 4040 1917 4123 pacis.
1962 4039 2032 4104 Per.

1541 4339 1585 4406 lla
1605 4346 1728 4424 tempure
1750 4347 1827 4423 qaut
1848 4343 1926 4408 absit
1945 4343 2147 4408 mortalitatis.

1433 4487 1536 4562 Deus,
1561 4486 1618 4569 qui
1645 4506 1710 4552 non
1738 4497 1879 4553 mortem
1905 4489 1964 4552 sed
1991 4488 2209 4572 penitentiam
2235 4490 2293 4554 de·

1388 4587 1513 4652 sideras
1538 4597 1758 4670 peccatorum,
1784 4587 1945 4670 populum
1973 4597 2077 4668 tuum,
2104 4608 2292 4672 quesumus,

1386 4686 1431 4752 ad
1453 4695 1487 4751 te
1509 4695 1666 4750 conuerte
1688 4686 1870 4770 propitius;
1893 4697 1941 4765 ut,
1963 4689 2044 4752 dum
2066 4687 2127 4752 tibi
2150 4687 2293 4752 deuotus

1388 4787 1547 4862 extiterit,
1564 4785 1740 4850 iracundiae
1762 4794 1829 4850 tuae
1849 4785 1981 4872 flagella
2000 4786 2044 4851 ab
2068 4808 2107 4852 eo
2125 4806 2291 4851 amouens.

1389 4887 1450 4950 Per
1465 4886 1635 4950 dominum
1652 4894 1801 4951 nostrum
1811 4884 1833 4950 ³.

1421 5113 1428 5142 ¹
1445 5113 1470 5165 S.
1483 5131 1507 5180 p.
1520 5115 1592 5178 819*.

1419 5191 1430 5221 ²
1445 5191 1509 5242 This
1525 5192 1595 5242 Mass
1608 5207 1661 5242 was
1678 5191 1802 5257 probably
1815 5191 1941 5258 compiled
1956 5191 1990 5256 by
2002 5191 2100 5252 Alcuin,
2119 5191 2167 5257 Ep.
2184 5192 2217 5242 ad
2232 5191 2290 5240 Ful·

1386 5273 1482 5334 detraes,
1495 5273 1534 5324 ed.
1549 5273 1655 5322 Froben.
1667 5271 1684 5324 i.
1696 5287 1721 5336 p.
1735 5270 1790 5334 ²56.
1824 5271 1876 5334 <On
1888 5272 1931 5322 the
1946 5269 2050 5337 margin,
2062 5269 2089 5320 in
2101 5286 2118 5321 a
2128 5270 2191 5320 later
2201 5269 2291 5330 band),

1387 5351 1506 5412 Defende,
1526 5365 1666 5417 quesumus,
1686 5350 1794 5412 domiue,
1813 5349 1979 5400 intercedente
1998 5350 2074 5400 berto
2094 5347 2234 5408 bmedicto,
2257 5348 2291 5398 ab

1387 5429 1454 5480 omni
1471 5429 1621 5479 aduersitate
1639 5429 1856 5494 congregationem
1871 5429 1954 5490 istam,
1966 5435 1991 5478 et
2003 5427 2050 5478 tibi
2063 5435 2120 5478 toto
2135 5427 2210 5478 corde
2221 5442 2291 5492 pros-

1387 5514 1477 5558 tratam
1489 5508 1523 5559 ab
1533 5507 1644 5558 hortium
1655 5513 1725 5558 tuere
1735 5507 1860 5574 propitius
1871 5505 2004 5558 clementer
2016 5505 2119 5556 insidiis
2154 5505 2208 5556 Per.

1420 5585 1430 5616 ³
1446 5585 1504 5636 Gel.
1515 5603 1541 5653 p.
1552 5597 1607 5651 712.
1641 5585 1687 5637 See
1698 5586 1753 5637 also
1761 5584 1793 5634 V.
1805 5601 1830 5651 p.
1845 5583 1900 5652 269.
