5124 6608
434 551 503 624 108

799 555 901 650 faria
924 559 967 634 tt.

430 775 498 820 non
519 755 569 821 uis
590 756 717 822 animas
737 759 843 841 perire
864 760 923 826 sed
945 760 1067 844 culpas,
1084 763 1214 828 contine
1229 785 1329 847 quam

430 875 594 920 meremur
626 856 716 937 iram,
746 867 780 924 et
809 879 910 942 quam
939 882 1111 945 precamur
1143 885 1241 948 super
1272 883 1331 929 nos

430 955 562 1021 effunde
588 957 819 1038 clementiam;
843 969 880 1024 ut
902 961 945 1025 de
967 981 1094 1027 merore
1117 964 1150 1026 in
1172 964 1331 1048 gaudium

429 1075 489 1138 per
503 1065 595 1122 tuam
611 1057 865 1124 misericordiam
880 1063 1122 1128 transferamur.
1167 1064 1229 1129 Per
1237 1063 1260 1124 ¹.

807 1237 947 1305 Secreta.

473 1358 649 1440 Sacrificia,
668 1363 811 1437 domine,
829 1365 890 1430 tibi
913 1386 989 1430 cum
1012 1366 1158 1432 ecclesiae
1180 1367 1331 1449 precibus

430 1460 643 1539 immolanda,
670 1485 857 1546 quesumus,
880 1466 981 1531 corda
1005 1476 1118 1531 nostra
1148 1467 1331 1550 purificent,

1650 563 1778 658 vicilia
1801 565 2022 644 erenricus.

1510 835 1599 908 rimu
1615 836 1668 902 till.
1689 839 1793 918 stubs
1812 839 1994 905 uscmrtculs
2013 839 2123 904 contri
2131 840 2151 905 ¹.

1424 987 1558 1064 Praesta,
1575 1007 1762 1070 quesumus,
1778 987 1989 1073 omnipotens
2004 990 2096 1068 deus,
2111 999 2148 1054 ut
2164 999 2284 1055 nostrae

1381 1087 1500 1152 mentis
1512 1087 1661 1162 intentio,
1678 1107 1744 1170 quo
1756 1087 1979 1154 sollemnitate
1993 1087 2155 1153 hodierna
2165 1089 2285 1172 glorio-

1380 1205 1436 1250 sus
1450 1195 1566 1250 auctor
1585 1185 1750 1270 ingressus
1769 1198 1828 1267 est,
1844 1208 1976 1270 semper
1994 1187 2153 1265 intendat,
2170 1199 2204 1254 et
2218 1209 2285 1272 quo

1379 1283 1446 1350 fide
1460 1286 1568 1370 pergit
1583 1287 1833 1352 conuersatione
1848 1288 2021 1370 perueniat
2031 1287 2054 1350 ².
2100 1286 2162 1352 Per
2171 1287 2193 1352 ³.

1764 1478 1904 1544 Secreta.

430 1569 467 1626 ut
489 1571 524 1626 et
545 1562 759 1647 indulgentiae
782 1576 848 1631 tuae
870 1567 965 1631 nobis
987 1568 1075 1632 dona
1098 1568 1281 1647 concilient,
1297 1578 1331 1633 et

428 1669 542 1726 contra
556 1663 696 1728 aduersa
710 1685 867 1749 prospera
881 1667 1003 1732 sentire
1017 1666 1198 1751 perficiant.
1237 1667 1299 1732 Per
1307 1668 1332 1734 ².
1425 1617 1637 1700 sacrificium’
1675 1621 1817 1698 d⁰mi¹¹e2
1850 1640 1911 1704 9¹⁰
1948 1618 2008 1684 filii
2040 1621 2090 1685 mi
2120 1620 2284 1705 supplices

1381 1719 1568 1798 uenerabili,
1598 1741 1699 1803 quam
1730 1741 1815 1786 nunc
1848 1719 2060 1804 preuenimus
2094 1722 2284 1787 ascensione

1379 1818 1564 1894 deserimus,
1581 1829 1713 1903 praesta,
1725 1840 1912 1904 quesumus,
1924 1829 1961 1884 ut
1977 1828 2012 1884 et
2026 1840 2087 1885 nos
2102 1841 2161 1904 per
2175 1823 2282 1905 ipsum

1379 1918 1430 1984 his
1452 1921 1656 1984 commerciis
1682 1920 1899 1987 sacrosanctis
1916 1920 1960 1984 ad
1983 1920 2128 1985 caelestia
2150 1941 2282 1986 consur·

1377 2039 1505 2102 gamus
1550 2017 1803 2085 Pereundem4.

795 1837 968 1924 Proesatr'o.

474 1959 518 2030 U.
536 1963 578 2029 D.
594 1974 716 2031 aeteme
731 1966 822 2032 deus.
860 1967 907 2033 Et
921 1968 1129 2034 maiestatem
1145 1977 1237 2034 tuam
1253 1990 1331 2053 sup·

428 2063 557 2147 pliciter
579 2075 781 2143 exorarent
803 2087 869 2131 non
892 2078 1014 2133 nostrae
1037 2069 1180 2149 malitias,
1198 2071 1258 2134 sed
1281 2071 1330 2134 in·

428 2164 609 2249 dulgentiae
637 2175 705 2230 tuae
733 2167 904 2249 proueniat
932 2185 1064 2252 semper
1089 2169 1234 2250 affectus,
1262 2169 1329 2253 Qui
1743 2209 1911 2295 pmfatio

428 2285 526 2330 nosa
546 2265 655 2330 noxiis
674 2265 900 2350 uoluptatibus
921 2268 1143 2335 indesinenter
1162 2271 1329 2354 expediat,
1912 2255 1921 2273 ⁰

429 2379 463 2434 et
484 2391 505 2433 a
527 2368 702 2434 mundanis
724 2370 874 2436 cladibus
896 2371 1071 2454 dignanter
1092 2372 1218 2456 eripiat.
1268 2373 1330 2436 Per
1419 2350 1463 2417 U·
1479 2352 1522 2416 D·
1546 2362 1668 2419 aeteme
1688 2353 1779 2419 deus·
1830 2353 1877 2418 Et
1899 2353 1933 2418 1¹¹
1955 2351 2018 2417 hac
2040 2353 2195 2437 ΡῐθθῑΡῑῑῖ
2217 2354 2280 2433 dfe,

428 2467 585 2534 christum
594 2467 617 2533 ⁸.

728 2556 790 2622 Ad
799 2557 1025 2640 complendum.

475 2680 528 2746 Sit
543 2681 647 2756 nobis,
665 2682 807 2760 domine,
823 2702 1009 2765 quesumus,
1026 2683 1189 2749 medicina
1209 2688 1329 2751 mentis

427 2790 461 2845 et
476 2783 620 2864 corporis
634 2783 724 2865 quod
736 2783 780 2847 de
794 2784 899 2849 sancti
913 2784 1026 2848 altaris
1037 2785 1084 2850 tui
1100 2784 1329 2852 benedictione

427 2882 642 2964 percepimus,
651 2892 688 2946 ut
703 2882 801 2947 nullis
811 2884 1067 2949 aduersitatibus
1083 2885 1260 2966 turbemur,
1272 2888 1327 2970 qui

425 2980 510 3045 tanti
526 2982 661 3047 remedii
679 2982 931 3067 participatione
945 2986 1118 3050 munimur.
1163 2984 1226 3050 Per
1234 2983 1259 3050 ⁴.

763 3165 992 3252 Adpopulum.

467 3290 689 3377 Omnipotens
713 3293 805 3370 deus,
828 3294 1084 3358 misericordiam
1110 3304 1204 3360 tuam
1230 3297 1326 3362 nobis

426 3393 575 3476 placatus
595 3393 758 3476 impende,
778 3403 816 3458 ut
838 3394 894 3476 qui
914 3403 948 3458 te
971 3397 1237 3478 contempnendo
1257 3397 1324 3461 cul-

425 3517 504 3580 pam
516 3498 716 3574 incurrimus,
729 3497 917 3563 confitendo
932 3500 1064 3563 ueniam
1076 3519 1324 3583 consequamur.

424 3595 510 3661 Peru

424 3828 488 3872 rom,
499 3820 525 3863 et
541 3813 675 3864 exorabilis
687 3813 737 3863 tuis
747 3820 802 3864 esto
812 3813 976 3879 supplicibus,
987 3820 1015 3863 ut
1026 3828 1143 3864 concessa
1159 3814 1231 3866 uenia
1247 3829 1323 3881 quam

311 3943 314 3956 ,
424 3908 569 3957 praecamur,
581 3898 706 3957 perpetuae
717 3892 890 3944 misericordiae
901 3899 951 3943 tuae
962 3908 1062 3943 munere
1072 3893 1214 3958 gloriemur.
1240 3894 1295 3945 Per.

457 3973 541 4036 Super
549 3973 681 4036 populum.
708 3970 814 4028 mauu.
825 3971 889 4029 dne..
906 3971 1027 4036 gemitum
1044 3970 1132 4037 populi
1148 3972 1193 4032 tui,
1205 3987 1250 4023 nec
1267 3971 1323 4038 plus

425 4049 492 4114 apud
508 4055 534 4098 te
553 4047 635 4100 ualeat
652 4047 755 4098 offensio
773 4048 977 4114 delinquentium,
994 4065 1071 4116 qnam
1089 4049 1259 4100 misericordis
1279 4057 1323 4100 tna

424 4126 522 4178 indulta
533 4127 632 4178 fletibus
644 4127 846 4193 supplicantium.
881 4127 936 4178 Per.

794 4246 830 4304 lin
841 4246 891 4304 elia
901 4246 948 4305 bit.

458 4351 535 4406 Dens.
545 4350 667 4417 refugium
676 4367 822 4417 pauperum,
832 4366 889 4418 spes
897 4349 1037 4414 humilium,
1045 4351 1160 4417 salusque
1168 4351 1321 4414 miserorum,

424 4430 618 4498 supplicationes
630 4429 717 4495 populi
733 4430 770 4479 tui
781 4429 912 4481 clementer
926 4429 1031 4487 mundis
1048 4437 1076 4481 ut
1087 4444 1150 4495 quos
1164 4430 1259 4480 iustitia
1270 4445 1323 4480 uer·

424 4511 511 4561 bemm
526 4507 584 4558 iecit
596 4505 709 4568 afflictos,
720 4506 891 4559 habundantia
902 4507 1065 4559 remediorum
1081 4507 1157 4559 sociat
1172 4509 1322 4561 consolatos.

423 4588 478 4639 Per.

457 4666 508 4715 Sec.
542 4661 680 4725 Sacrificiis,
689 4663 753 4723 dne,
763 4664 876 4728 placatus
887 4663 987 4724 oblatis,
997 4679 1071 4730 opem
1082 4669 1151 4714 tuam
1162 4665 1253 4715 nostris
1261 4673 1322 4716 tem·

423 4743 525 4808 poribus
536 4743 668 4793 clementer
678 4741 801 4807 impende.
835 4743 890 4796 Per.

456 4821 595 4886 Praefatio„
620 4821 653 4872 Ut
664 4821 722 4885 quia
734 4821 771 4871 tui
782 4828 820 4871 est
831 4820 913 4886 operis
925 4821 1022 4886 siquod
1033 4820 1079 4871 tibi
1090 4820 1211 4886 placitum
1222 4828 1267 4879 est,
1278 4828 1322 4872 aut

424 4901 569 4964 cogitemus,
587 4905 632 4951 aut
648 4913 761 4965 opinus.
794 4899 834 4947 Tu
850 4898 925 4949 nobis
941 4914 1037 4964 semper
1052 4905 1078 4949 et
1095 4899 1251 4965 intelligendi
1267 4913 1322 4964 quse

424 4985 492 5029 recta
503 4979 560 5034 sint,
572 4984 597 5028 et
608 4976 745 5042 exequendi
756 4977 851 5027 tribuas
862 4977 1014 5027 fucultatem.
1048 4977 1102 5028 Per.

455 5057 502 5107 Ad
510 5071 569 5106 com.
602 5055 715 5116 Porinos,
725 5070 757 5120 q..
768 5055 832 5114 dne,
842 5061 941 5104 tuorum
953 5055 1029 5108 corda
1037 5054 1156 5115 fidelium,
1163 5060 1192 5105 ut
1202 5071 1219 5104 a
1226 5061 1322 5106 terrena

424 5133 561 5200 cupiditate
572 5133 692 5193 mundati,
704 5139 730 5183 et
740 5132 867 5199 praescntis
882 5133 942 5184 uitae
957 5133 1074 5199 periculis
1088 5142 1216 5192 exuantur,
1228 5141 1254 5184 et
1268 5149 1322 5198 pen

425 5210 506 5277 petuis
517 5211 590 5261 donis
600 5209 734 5262 firmentur.
767 5210 823 5261 Per.

457 5292 539 5354 Super
549 5291 680 5354 populum.
714 5289 832 5340 Miserere
843 5289 902 5350 iam,
913 5306 947 5356 q..
957 5290 1022 5346 dne,
1034 5290 1199 5342 intercedente
1210 5290 1284 5340 beatu
1295 5297 1321 5340 ct

423 5367 535 5433 gloriosa
550 5382 693 5434 semperque
708 5367 804 5433 uirgine
818 5367 860 5418 dei
875 5368 995 5432 genitrice
1010 5368 1097 5426 maria,
1109 5366 1205 5434 populo
1220 5375 1279 5426 tuo;
1295 5374 1321 5418 et

424 5445 547 5495 coutinuis
555 5444 757 5496 tribulationibus
766 5445 928 5506 laborantem,
937 5445 1019 5497 caeleri
1027 5446 1205 5511 propitiatione
1212 5443 1320 5497 laetifica.

424 5521 478 5574 Per.

455 5597 465 5628 ¹
483 5597 573 5666 Gelp.
584 5601 640 5665 708.
720 5599 731 5630 ¹
747 5599 786 5654 Ib.
864 5601 874 5633 ³
890 5601 921 5652 0.
931 5611 1020 5667 p.317.
1030 5601 1057 5652 Z.
1136 5601 1146 5631 ⁴
1163 5599 1219 5653 Gel
1229 5616 1253 5667 p,
1265 5611 1321 5668 709.

1378 2471 1444 2533 qua
1466 2451 1576 2518 ihesus
1598 2452 1747 2530 christus,
1770 2453 1856 2518 filius
1878 2464 1963 2532 tuus,
1986 2454 2139 2518 dominus
2161 2464 2280 2534 noster,

1377 2550 1480 2616 diuini
1512 2564 1742 2618 consummato
1775 2553 1841 2618 fine
1868 2553 2027 2636 mysterii,
2059 2552 2279 2636 dispositionis

1378 2649 1549 2737 (antiquae)
1562 2673 1681 2718 munus
1693 2652 1852 2736 expleuit,
1866 2664 1903 2718 ut
1918 2652 2042 2719 scilicet
2052 2661 2086 2717 et
2101 2652 2279 2732 diabolum,

1377 2750 1516 2816 caelestis
1545 2753 1653 2836 operis
1682 2754 1859 2832 inimicum,
1890 2773 1949 2836 per
1976 2750 2154 2832 hominem,
2180 2771 2278 2835 quem

1376 2850 1577 2934 subiugaret,
1604 2852 1750 2930 elideret,
1774 2863 1808 2917 et
1833 2851 2013 2917 humanam
2037 2851 2207 2916 reduceret
2234 2853 2278 2917 ad

1377 2970 1517 3033 superna
1533 2953 1621 3017 dona
1636 2953 1868 3018 substantiam.
1914 2951 1960 3017 Et
1975 2951 2051 3016 ideo
2063 2945 2084 3016 ⁶.

1676 3157 1738 3222 Ad
1748 3155 1974 3241 complendum.
2011 3196 2012 3199 =

1417 3295 1550 3379 Tribue,
1567 3320 1754 3383 quesumus,
1770 3299 1915 3376 domine,
1937 3307 1974 3362 ut
1997 3318 2057 3381 per
2077 3296 2150 3362 haec
2171 3316 2278 3362 sacra·

1375 3397 1510 3463 menta⁶
1526 3419 1601 3483 quae
1619 3399 1829 3483 sumpsimus,
1852 3397 1929 3463 illuc
1951 3398 2067 3463 tendat
2084 3406 2205 3462 nostrae
2219 3398 2276 3462 de-

1376 3498 1518 3563 uotionis
1532 3498 1677 3578 affectus,
1691 3519 1756 3582 quo
1772 3509 1881 3564 tecum
1896 3507 1948 3563 est
1959 3507 2071 3562 nostra
2086 3496 2278 3576 substantia,

1374 3597 1487 3661 ihesus
1502 3597 1644 3664 christus
1659 3599 1813 3663 dominus
1830 3606 1950 3663 noster.
1995 3595 2062 3680 Qui
2078 3606 2188 3662 tecum
2199 3596 2221 3662 ⁷.

1712 3793 1774 3859 Ad
1785 3804 1937 3876 uesperos.

1418 3934 1481 4012 Da,
1498 3955 1685 4019 quesumus,
1699 3937 1910 4021 omnipotens
1926 3936 2017 4014 deus,
2029 3934 2106 3999 illuc
2120 3935 2274 4020 subsequi

1374 4045 1506 4100 tuorum
1538 4034 1687 4100 membra
1712 4034 1869 4116 fidelium,
1892 4056 1959 4119 quo
1989 4034 2096 4118 capud
2127 4044 2275 4099 nostrum

1375 4135 1636 4219 principiumque
1650 4137 1816 4219 precessit,
1830 4135 1941 4200 ihesus
1961 4133 2102 4200 christus
2122 4134 2275 4199 dominus

1375 4245 1493 4314 noster,
1509 4234 1565 4318 qui
1580 4244 1691 4301 tecum
1710 4237 1792 4300 uiuit
1807 4246 1842 4301 et
1857 4244 1973 4318 regnat
1988 4235 2070 4300 deus
2079 4233 2100 4298 ⁸.

1405 4508 1415 4537 ¹
1432 4505 1495 4558 This
1507 4509 1586 4559 Missa
1602 4507 1624 4558 is
1640 4509 1772 4574 preserved
1789 4509 1814 4559 in
1831 4509 1856 4560 S.
1873 4508 1931 4566 and.
1944 4508 2006 4559 with
2023 4509 2207 4565 sudationum
2223 4525 2274 4559 me·

1373 4586 1455 4637 dieval
1470 4587 1566 4637 Frencb
1579 4587 1687 4638 missals.
1719 4587 1751 4636 R
1762 4587 1878 4654 provides
1893 4587 1936 4638 the
1947 4587 2027 4638 Missa
2040 4587 2070 4639 os
2081 4587 2124 4638 the
2139 4588 2273 4655 preceding

1373 4665 1483 4730 Sunday.

1471 4754 1499 4794 Α.
1511 4742 1605 4794 Omnes
1615 4749 1708 4808 genta.

1470 4832 1507 4871 rs
1518 4820 1637 4872 Subieeit.

1471 4911 1514 4950 nr..
1526 4898 1619 4950 Omnes
1629 4905 1723 4965 gentes.

1470 4989 1512 5029 or.
1524 4977 1579 5028 Uiri
1590 4977 1684 5045 galilei.

1404 5054 1415 5085 ¹
1431 5056 1462 5106 E.
1473 5071 1498 5120 p.
1513 5057 1568 5106 108.

1372 5199 1374 5202 Ι
1404 5133 1414 5164 ⁸
1430 5133 1530 5192 Tribus.
1538 5149 1572 5199 q..
1580 5149 1604 5183 o.
1611 5133 1645 5194 d.,
1653 5139 1680 5183 ut
1688 5148 1788 5184 munere
1796 5133 1940 5184 festiuitstis
1949 5132 2085 5193 hodiernae,
2096 5131 2156 5183 illuc
2164 5131 2272 5182 filiorum

1371 5220 1471 5262 tuorum
1480 5210 1604 5276 dirigatur
1617 5209 1729 5272 intentio,
1742 5227 1792 5276 quo
1803 5212 1829 5261 in
1841 5217 1885 5261 tuo
1896 5211 2026 5275 unigenito
2038 5217 2121 5261 tecum
2136 5216 2173 5260 est
2183 5215 2268 5260 nostra

1374 5290 1515 5339 substantia
1526 5289 1609 5340 ihesus
1621 5289 1727 5340 christus
1737 5289 1791 5341 dns.
1804 5296 1897 5340 noster.
1932 5288 1982 5354 Qui
1994 5295 2078 5340 tecum
2089 5289 2161 5338 uiuit.
2177 5287 2205 5337 Z.

1405 5365 1415 5396 ⁴
1430 5367 1460 5418 F.
1473 5381 1498 5432 p.
1512 5369 1568 5420 108.

1405 5446 1415 5476 ⁸
1430 5445 1462 5496 Ο.
1473 5461 1498 5510 p.
1510 5459 1565 5512 ³¹9·
1577 5447 1604 5496 Z.
1628 5445 1677 5496 But
1687 5444 1736 5496 this
1747 5445 1797 5496 and
1808 5445 1852 5496 the
1862 5452 1920 5496 uest
1932 5444 1996 5495 Pref.
2005 5444 2102 5512 change
2110 5445 2196 5511 places
2204 5446 2229 5495 iu
2242 5447 2269 5495 7.

1405 5525 1542 5576 ‘samu
1845 5522 1938 5590 'Ep
1953 5523 2007 5575 108.

1407 5602 1416 5632 ¹
1433 5603 1461 5652 E.
1474 5618 1499 5669 p.
1515 5615 1577 5668 1093
1594 5603 1682 5654 cruz.

1883 4754 1951 4794 coss.
1963 4743 2023 4794 Non
2035 4758 2081 4793 uos
2091 4743 2235 4808 relinquum.

1884 4823 1955 4884 (nse.
1968 4822 2042 4871 Pater
2053 4837 2110 4872 cum
2121 4837 2207 4872 essem

1883 4911 1925 4950 ss.
1938 4899 2116 4950 Multitudinis.

1883 4989 1928 5029 sv.
1939 4977 2101 5040 Subleuatis).
