5122 6610
665 585 869 663 habiathar
884 583 1045 660 hulsela.

410 605 481 658 220

408 793 631 875 deprecamur,
654 799 691 854 ut
720 788 824 854 altare
848 787 912 854 hoc
934 789 1058 854 sanctis
1081 786 1193 852 usibus
1222 807 1305 871 prae-

406 901 560 974 paratum
583 889 707 955 caelesti
729 889 937 954 dedicatione
958 887 1151 962 sanctifices,
1167 896 1204 952 ut
1222 889 1306 951 sicut

408 989 649 1056 melchisedech
684 988 863 1053 sacerdotis
906 988 1062 1072 praecipui
1104 987 1306 1050 oblationem

407 1090 602 1172 dignatione
620 1088 760 1153 mirabili
781 1089 963 1171 suscepisti,
979 1087 1025 1151 ita
1048 1087 1204 1168 imposita
1220 1107 1307 1150 nouo

406 1188 484 1255 huic
500 1209 636 1254 munera
647 1188 742 1253 altari
755 1208 885 1271 semper
898 1197 1034 1270 accepta
1045 1187 1128 1251 ferre
1144 1185 1287 1270 digneris
1299 1211 1307 1264 3

409 1289 459 1354 Ut
481 1290 624 1372 populus
646 1298 722 1354 tuus
748 1290 781 1353 in
803 1288 866 1352 hac
888 1287 1034 1353 ecclesiae
1063 1289 1165 1352 domo
1194 1295 1309 1350 sancta

408 1391 607 1454 conueniens
622 1410 682 1472 per
695 1387 768 1453 haec
783 1409 865 1471 pura
880 1388 1038 1452 libamina
1049 1386 1173 1451 caelesti
1189 1387 1308 1450 sancti-

407 1488 562 1552 ficatione
584 1489 739 1565 saluatus,
755 1490 940 1552 animarum
956 1508 1091 1571 quoque
1109 1506 1241 1551 suarum
1257 1505 1309 1550 sa·

408 1589 512 1654 lutem
528 1597 723 1672 perpetuam
739 1599 968 1672 consequatur.
1014 1587 1077 1652 Per
1092 1586 1260 1652 christum.

810 1780 902 1846 Alia.

454 1906 499 1972 U.
516 1906 558 1972 D.
575 1915 697 1970 aeterne
716 1905 806 1970 deus.
846 1905 1066 1970 Obsecrantes
1082 1914 1118 1968 ut
1132 1904 1204 1968 haec
1226 1903 1309 1970 atria

409 2007 475 2072 tuis
502 2006 661 2071 initianda
683 2008 897 2071 sacramentis
921 2007 1082 2089 propitius
1106 2023 1237 2087 semper
1257 2025 1310 2068 as·

408 2106 515 2188 pitias‚
540 2114 574 2170 et
603 2105 855 2188 implorantibus
881 2125 979 2187 opem
1006 2114 1098 2168 tuam
1130 2103 1311 2169 misericors

408 2205 574 2287 largiaris3
606 2207 779 2288 praecipue,
802 2225 877 2268 cum
903 2205 999 2269 huius
1028 2203 1162 2285 basilice
1191 2200 1310 2286 praesul

408 2306 555 2369 adscitus
576 2289 773 2368 uenerabilis
790 2305 928 2368 andreas
949 2303 1081 2368 oblator
1096 2305 1229 2378 existat,
1243 2299 1310 2381 Qui

408 2404 498 2468 beati
534 2405 618 2486 petri
647 2405 811 2486 ⁸principis
843 2403 1033 2486 apostolicae
1068 2403 1247 2486 dignitatis,
1277 2412 1310 2465 et

408 2503 557 2569 felicibus
593 2503 671 2566 uitae
708 2505 894 2586 primordiis
939 2512 974 2568 et
1010 2502 1150 2568 caelestis
1186 2501 1311 2566 honore

410 2604 539 2687 collegii
566 2613 599 2668 et
626 2602 803 2686 magnifico
832 2614 1005 2686 permanet
1030 2603 1095 2667 fine
1124 2623 1309 2686 germanus.

410 2703 473 2768 Per
487 2702 654 2772 christum.

811 2889 905 2956 Alia.

454 3014 497 3080 U.
516 3015 559 3078 D.
583 3025 705 3080 aeterne
727 3017 819 3080 deus.
862 3015 915 3080 Tu
939 3015 1071 3092 etenim,
1086 3015 1228 3090 domine,
1244 3034 1310 3078 non

409 3114 517 3179 solum
541 3116 705 3180 maiestati
728 3124 794 3179 tuae
817 3114 967 3179 fabricari
988 3117 1130 3180 sacraria
1144 3115 1311 3196 dicatique

408 3215 560 3292 tribuisti,
572 3217 630 3280 sed
642 3224 829 3280 sanctorum
842 3235 974 3298 quoque
988 3214 1124 3296 largitus
1136 3235 1171 3279 es
1187 3213 1311 3278 meritis

409 3315 575 3399 applicari,
600 3315 651 3380 Ut
683 3325 717 3379 et
749 3315 851 3380 diuini
889 3317 1030 3379 nominis
1067 3314 1310 3380 inchoationem

408 3415 571 3499 praeberet
602 3416 790 3481 ueneranda
824 3417 1030 3494 constructio,
1060 3424 1093 3479 et
1124 3414 1310 3497 supplican-

408 3516 493 3580 tium
514 3515 601 3580 uotis
623 3514 724 3598 digna
746 3515 929 3598 patrocinia
950 3535 1015 3579 non
1037 3516 1200 3579 deessent.
1249 3514 1311 3578 Per

409 3615 576 3680 christum.

711 3713 813 3797 Infra
834 3716 1000 3780 actionem.

455 3844 554 3909 Hanc
577 3865 709 3927 quoque
731 3845 933 3910 oblationem
956 3847 1123 3910 seruitutis
1138 3855 1260 3910 nostrae
1275 3854 1309 3910 et

410 3953 537 4007 cunctae
558 3945 691 4008 familiae
713 3954 790 4020 tuae,
805 3946 864 4010 sed
887 3955 922 4009 et
941 3945 1056 4010 famuli
1071 3945 1119 4009 tui
1135 3945 1192 4010 ‚ill
1208 3967 1308 4029 quam

409 4042 470 4106 tibi
485 4042 653 4107 offerimus
668 4043 825 4108 hodierna
840 4045 894 4109 die
906 4040 1189 4131 consec(r)ationis
1204 4047 1307 4111 sancti

410 4141 473 4207 loci
488 4141 583 4207 huius
597 4142 801 4208 celebrantes
817 4143 990 4208 inhonore
1012 4154 1199 4210 sanctorum
1224 4164 1308 4209 mar·

410 4252 522 4323 tyrum
538 4251 670 4305 tuorum
683 4242 833 4307 allamm-
842 4243 995 4325 petimus,
1007 4244 1149 4322 domine,
1158 4245 1308 4328 placatus

409 4341 561 4424 accipias.
606 4342 753 4425 Diesque
768 4351 906 4408 nostros.

606 4587 607 4592 η
723 4542 991 4609 Postcommunia

455 4670 677 4754 Omnipotens
707 4674 906 4756 sempiterne
935 4676 1026 4750 deus,
1051 4673 1183 4739 effunde
1211 4695 1308 4760 super

409 4771 498 4836 hunc
526 4772 636 4836 locum
666 4775 807 4855 gratiam
838 4785 940 4851 tuam,
963 4785 997 4840 et
1027 4776 1179 4840 omnibus
1209 4778 1243 4840 in
1273 4785 1308 4842 te
1360 4809 1367 4823 ·

411 4872 618 4954 sperantibus
640 4872 756 4936 auxilii
772 4873 819 4938 tui
843 4894 961 4937 munus
983 4875 1131 4951 ostende,
1147 4885 1184 4941 ut
1206 4876 1307 4942 hicet

409 4981 690 5037 sacramentorum
720 4973 833 5050 uirtus,
863 4981 896 5037 et
933 4984 1086 5038 uotomm
1120 4977 1309 5058 optineatur

411 5069 555 5136 effectus.
601 5071 663 5134 Per
678 5072 850 5136 dominum
866 5081 1024 5139 nostrum.

720 5270 827 5354 Super
839 5271 1004 5355 populum.

455 5399 557 5476 Deus,
569 5401 625 5483 qui
641 5402 684 5465 de
698 5402 782 5466 uiuis
794 5411 828 5467 et
844 5402 956 5467 electis
970 5402 1136 5486 lapidibus
1147 5412 1309 5468 aeternum

412 5499 576 5562 maiestati
592 5508 659 5564 tuae
682 5502 796 5566 condis
819 5501 1053 5579 habitaculum,
1068 5503 1229 5567 auxiliare
1250 5523 1309 5586 po-

411 5596 491 5680 pulo
522 5598 739 5684 supplicanti3
778 5610 814 5664 ut
844 5602 934 5685 quod
964 5601 1110 5666 ecclesiae
1140 5613 1208 5667 tuae
1240 5623 1309 5668 cor·

1675 585 1945 664 vascosanus.

1358 783 1527 868 poralibus
1543 785 1672 869 proficit
1687 787 1814 870 spaciis,
1826 787 2026 871 spiritalibus
2042 788 2264 872 amplificetur

1361 887 1560 969 augmentis.
1606 886 1690 950 Pera

1647 1122 1838 1188 tuscania
1859 1125 1974 1190 altaris.

1405 1257 1499 1322 Deus
1521 1258 1742 1341 omnipotens,
1768 1258 1830 1323 sub
1860 1260 1952 1324 cuius
1981 1260 2190 1325 inuocatione
2216 1260 2264 1324 al·

1361 1360 1480 1421 tarium
1503 1359 1536 1420 in
1558 1355 1716 1422 honorem
1733 1359 1836 1422 sancti
1861 1358 1918 1423 .r'll.
1941 1379 2179 1436 consecramus,
2197 1360 2262 1424 cle·

1361 1478 1455 1522 mens
1472 1467 1505 1522 et
1523 1458 1684 1540 propitius
1704 1478 1817 1540 preces
1840 1468 1962 1523 nostrae
1984 1457 2180 1524 humilitatis
2203 1480 2263 1523 ex-

1360 1557 1436 1621 audi
1447 1578 1455 1635 ;
1471 1567 1506 1621 et
1517 1566 1637 1639 praesta
1649 1567 1686 1620 ut
1702 1557 1736 1619 in
1748 1556 1811 1621 hac
1827 1578 1942 1622 mensa
1954 1559 2020 1622 sint
2031 1559 2092 1623 tibi
2105 1558 2263 1623 libamina

1360 1667 1506 1739 accepta,
1528 1658 1594 1720 sint
1609 1667 1712 1739 grata,
1727 1657 1794 1722 sint
1809 1659 1945 1740 pinguia
1954 1667 1994 1722 'et
2010 1658 2143 1740 spiritns
2158 1660 2263 1722 sancti

1361 1758 1409 1820 tui
1436 1777 1508 1821 rore
1534 1757 1675 1839 perlusa,
1698 1766 1735 1820 ut
1759 1759 1849 1820 omni
1871 1766 2022 1840 tempore
2044 1759 2078 1821 in
2100 1757 2164 1823 hoc
2188 1758 2262 1822 loco

1362 1856 1576 1939 supplicantis
1594 1856 1654 1921 tibi
1676 1855 1809 1919 familiae
1831 1866 1899 1921 tuae
1919 1858 2106 1922 anxietates
2128 1857 2262 1934 releues,

1362 1957 1562 2038 egritudines
1574 1976 1675 2032 cures,
1686 1976 1800 2039 preces
1816 1957 1985 2032 exaudias,
1999 1967 2077 2021 uota
2093 1959 2260 2041 suscipias,

1362 2056 1549 2120 desiderata
1575 2055 1759 2132 confirmes,
1785 2055 1954 2140 postulata
1982 2058 2155 2122 concedas.
2200 2057 2264 2121 Per

1362 2158 1544 2222 dominum.

1765 2307 1858 2372 Alia.

1402 2431 1471 2497 ·Dei
1489 2432 1592 2515 patris
1615 2433 1850 2516 omnipotentis
1874 2433 2139 2510 misericordiam,
2161 2434 2263 2500 dilec-

1363 2533 1482 2597 tissimi
1517 2533 1642 2610 fratres‚
1675 2531 1899 2616 deprecemur,
1935 2543 1972 2598 ut
2009 2534 2073 2598 hoc
2109 2534 2263 2599 altarium

1363 2632 1528 2696 sacrificiis
1543 2633 1743 2716 spiritalibus
1756 2634 2023 2710 consecrandum,
2035 2635 2125 2699 uocis
2141 2644 2263 2699 nostrae

1363 2732 1551 2797 exorandus
1573 2733 1688 2813 officio,
1709 2733 1864 2816 praesenti
1889 2733 2119 2798 benedictione
2142 2736 2262 2800 sancti·

1363 2830 1448 2907 ficet,
1463 2840 1500 2895 ut
1515 2833 1547 2895 in
1564 2852 1605 2896 eo
1620 2852 1751 2914 semper
1765 2830 1950 2897 oblationes
1967 2831 2164 2897 famulorum
2187 2855 2263 2898 suo·

1362 2954 1434 2997 rum
1453 2935 1563 3000 studio
1581 2957 1650 2999 suae
1666 2934 1852 3000 deuotionis
1874 2937 2046 3019 impositas
2068 2938 2263 3002 benedicere

1363 3043 1397 3098 et
1416 3034 1620 3099 sanctificare
1641 3035 1804 3117 dignetur,
1827 3044 1861 3099 et
1882 3035 2019 3119 spiritali
2041 3035 2191 3119 placatus
2213 3038 2263 3101 in-

1362 3155 1470 3214 censq
1485 3136 1632 3218 precanti
1647 3133 1780 3200 familiae
1800 3157 1859 3220 sue
1874 3137 2071 3222 propitiatus
2086 3140 2263 3203 exauditor

1362 3235 1502 3299 adsistat
1510 3231 1531 3300 ¹.
1577 3231 1648 3299 Per.

1764 3322 1856 3387 Alica

1406 3448 1499 3512 Deus
1514 3448 1820 3524 sanctificationum,
1835 3451 2044 3535 omnipotens
2067 3451 2263 3532 dominator,

1362 3548 1452 3612 cuius
1474 3549 1581 3631 pietas
1603 3549 1674 3613 sine
1694 3549 1759 3614 fine
1774 3551 1921 3626 sentitur,
1939 3551 2071 3616 effunde
2086 3572 2185 3634 super
2198 3552 2263 3618 hoc

1361 3647 1465 3712 altare
1479 3649 1620 3731 gratiam
1641 3658 1707 3712 tuae
1723 3648 1971 3726 benedictionis,
1987 3659 2024 3715 ut
2046 3652 2090 3715 ab
2110 3653 2265 3716 omnibus

1361 3746 1414 3812 hic
1439 3747 1667 3812 inuocantibus
1697 3757 1732 3812 te
1755 3749 1916 3813 auxilium
1943 3759 2000 3833 tue
2030 3751 2263 3816 misericordiae

1361 3847 1531 3912 sentiatur.
1577 3848 1640 3912 Per
1654 3847 1826 3911 dominum
1835 3846 1858 3910 ².

1651 4077 1841 4143 bonacurtis
1861 4080 1976 4147 tabula.

1404 4207 1679 4295 omnipotentem
1708 4211 1808 4277 deum
1839 4223 1873 4279 et
1902 4214 2074 4278 dominum
2113 4219 2261 4278 nostrum

1360 4311 1446 4374 uotis
1462 4308 1691 4375 exultantibus
1703 4312 1925 4396 deprecemur,
1938 4323 1974 4377 ut
1987 4314 2043 4396 qui
2056 4333 2262 4397 peromnem

1360 4411 1520 4474 mundum
1551 4411 1650 4474 fidem
1681 4413 1810 4495 sparsit,
1840 4413 2012 4477 ecclesiam
2036 4414 2261 4496 congregauit,

1359 4530 1459 4592 quam
1475 4509 1558 4595 lapis
1573 4513 1705 4576 excisus
1721 4511 1763 4575 de
1779 4522 1893 4577 monte
1908 4515 1977 4576 sine
1993 4513 2145 4576 manibus
2156 4533 2262 4596 angu-

1358 4607 1418 4672 lari
1448 4628 1610 4692 compage
1639 4609 1805 4688 solidauit,
1834 4611 1920 4677 hanc
1949 4631 2082 4694 quoque
2112 4611 2261 4676 tabulam

1359 4728 1492 4772 serenus
1508 4709 1668 4786 inlustret,
1685 4731 1825 4794 eamque
1844 4713 1970 4794 impetu
1986 4713 2100 4775 aeterni
2116 4711 2262 4776 fluminis

1359 4809 1525 4892 irrigatam
1542 4810 1589 4873 ita
1603 4809 1740 4874 diuersis
1763 4831 1823 4894 per
1845 4812 1993 4875 membra
2008 4809 2261 4875 charismatibus

1358 4907 1546 4990 locupletet,
1568 4917 1606 4973 ut
1636 4929 1734 4992 super
1760 4909 1851 4974 illam
1874 4911 2104 4974 admirandam
2125 4909 2183 4974 filii
2209 4912 2260 4975 sui

1358 5007 1501 5073 hostiam
1516 5010 1588 5093 ipse
1609 5009 1784 5075 benedicat
1798 5011 1997 5094 impositam,
2012 5012 2083 5096 ipse
2102 5012 2261 5096 suscipiat

1359 5116 1596 5173 consecratam.
1643 5108 1705 5172 Per
1713 5107 1736 5172 ⁸.

1644 5290 1835 5357 firmcnattn
1856 5297 1976 5376 patrna.

1405 5419 1643 5488 Consecramus
1655 5435 1689 5490 et
1699 5424 1941 5490 sanctificamus
1949 5425 2035 5489 hanc
2045 5433 2204 5508 patenam
2214 5424 2260 5490 ad

1458 5562 1466 5591 ¹
1483 5563 1539 5614 GeL
1550 5579 1575 5628 p.
1587 5563 1649 5622 610;
1667 5563 1759 5616 Pontis.
1772 5563 1836 5630 Egb.
1848 5582 1874 5631 p.
1886 5578 1926 5629 40.

1458 5637 1469 5668 ²
1485 5641 1541 5692 Get
1553 5656 1578 5707 p.
1590 5641 1647 5692 610.
1875 5643 1886 5672 ³
1902 5640 1994 5694 Ponit
2005 5641 2069 5708 Egb.
2081 5657 2107 5708 p.
2119 5657 2162 5707 41.
