5124 6608
465 551 715 631 Renuntiatum
739 553 791 628 lt.
809 551 882 638 stt.
899 555 954 631 is.

628 751 800 838 Proesatr‘o.

1425 558 1676 637 Renuntiatum
1701 561 1752 636 il.
1770 558 1847 646 sti,
1867 562 1921 637 U.
2077 576 2119 658 71

1219 757 1339 841 angelo
1375 757 1558 838 nuntiante,
1594 778 1728 824 carnem
1767 761 1939 844 suscipere.
1967 759 2121 842 uoluisti3

312 879 355 946 U.
383 881 425 946 D.
451 891 575 946 aeterne
604 883 696 946 deus.
753 879 843 965 Quia
873 899 948 946 cum
979 879 1167 963 unigenitus
1218 867 1340 940 i³s²³¹³⁵ta
1359 858 1564 942 supplicibus
1583 859 1657 938 tuis»
1671 869 1709 924 ut
1724 859 1781 942 (iul
1804 881 1881 925 uere
1896 881 1970 926 eam
1985 861 2121 944 gessltfl·

269 991 342 1046 tuus
363 981 396 1046 in
418 981 605 1047 substantia
627 991 748 1046 nostrae
771 980 982 1046 mortalitatis
1004 981 1166 1065 apparuit,

269 1101 299 1144 m
322 1102 409 1146 noua
432 1102 492 1146 nos
518 1081 763 1147 inmortalitatis
784 1102 853 1146 suae
874 1080 949 1147 luce
970 1082 1134 1166 reparauit
1144 1081 1165 1147 ¹.

268 1179 311 1247 Et
325 1181 401 1247 ideo
416 1202 492 1247 cum
507 1182 634 1266 angelis
644 1179 668 1248 ².

616 1332 809 1400 Beudena.

306 1463 528 1547 Omnipotens
553 1463 644 1543 deus,
669 1463 727 1546 qui
751 1462 956 1544 unigenitum
983 1482 1078 1526 suum
1104 1462 1164 1526 ho·

262 1565 375 1630 diema
398 1567 452 1630 die
474 1564 507 1628 in
530 1573 703 1646 assumpta
728 1583 826 1628 came
848 1562 882 1626 in
904 1562 1032 1646 templo
1057 1563 1165 1627 uoluit

262 1665 462 1748 praesentari,
478 1661 718 1728 benedictionis
739 1682 809 1726 suae
831 1682 892 1726 uos
912 1682 1048 1727 munere
1062 1662 1163 1727 fultos

261 1763 357 1830 bonis
372 1764 526 1847 operibus
541 1764 639 1828 iaciat
654 1757 816 1828 exornari.
860 1761 983 1828 Amen.

305 1861 351 1929 Et
373 1864 430 1948 qui
453 1885 539 1939 eum,
559 1870 597 1927 ut
617 1862 728 1946 legem
748 1861 955 1947 adimpleret,
977 1861 1162 1932 ministrum

261 1964 366 2029 uoluit
391 1964 475 2028 effici
500 1962 591 2047 legis,
614 1973 742 2027 mentes
768 1972 894 2027 uestras
918 1961 1058 2027 instnrat
1080 1959 1163 2046 legis

261 2085 328 2130 snae
343 2062 545 2149 spiritalibus
559 2061 777 2128 documentis.
821 2061 945 2126 Amen.

303 2163 381 2248 Quo
397 2164 426 2230 ei
442 2174 477 2229 et
490 2183 551 2246 pro
566 2163 754 2241 turturibus,
767 2162 929 2227 castitatis
943 2183 1001 2225 seu
1017 2159 1162 2226 caritatis

260 2283 395 2329 munera
406 2263 523 2328 offerre
536 2262 684 2342 ualeatis,
696 2273 731 2328 et
746 2283 807 2346 pro
818 2261 918 2346 pullis
933 2261 1161 2327 columbarum

260 2365 392 2448 spiritus
406 2364 511 2429 sancti
526 2363 623 2428 donis
638 2363 837 2428 exuberetis.
881 2360 1005 2428 Amen.

301 2463 403 2548 Quod
418 2464 489 2548 ipse
503 2475 663 2548 praestare
673 2463 827 2548 dignetur
833 2461 856 2528 ⁸.

560 2612 622 2678 Ad
631 2612 860 2697 cmplmdum.

302 2739 501 2824 Quesumus,
515 2738 651 2804 domine
665 2739 747 2804 deus
763 2748 883 2818 noster,
898 2747 936 2804 ut
950 2747 1160 2804 sacrosancta

261 2840 429 2925 mysteria,
443 2861 519 2924 quae
533 2861 593 2924 pro
609 2839 824 2922 reparationis
839 2849 961 2904 nostrae
979 2837 1160 2903 munimine

261 2940 437 3020 contulisti,
470 2939 695 3005 intercedente
730 2939 831 3004 beata
866 2959 998 3022 semper
1033 2937 1160 3022 uirgine

261 3041 371 3120 maria,
389 3049 424 3106 et
438 3061 585 3125 praesens
599 3039 695 3104 nobis
712 3037 895 3104 remedium
910 3059 983 3104 esse
1000 3037 1110 3116 iacias,
1125 3046 1160 3102 et

260 3140 414 3207 futurum.
458 3139 522 3205 Per
536 3139 708 3205 dominum
724 3149 898 3204 nostrum-⁷
928 3173 932 3179 ·

593 3270 655 3336 Ad
658 3271 824 3354 populum.

302 3397 427 3463 Perfice
449 3395 484 3461 in
510 3395 614 3472 nobis,
638 3417 826 3480 quesumus,
850 3395 994 3477 domine,
1017 3398 1159 3480 gratiam

260 3504 359 3576 tuam,
374 3497 431 3580 qui
449 3497 526 3562 iusti
540 3498 708 3580 symeonis
723 3497 991 3581 expectationem
1006 3498 1160 3582 implesti,

261 3607 295 3662 ut
306 3599 391 3664 sicut
401 3597 458 3662 ille
469 3606 611 3662 mortem
623 3617 689 3660 non
698 3598 789 3674 uidit,
798 3598 989 3681 priusquam
1002 3597 1160 3663 christum

260 3697 430 3762 dominum
453 3705 602 3761 nostrum
625 3697 738 3761 uidere
761 3706 948 3776 mereretur,
971 3697 1018 3763 ita
1042 3708 1077 3762 et
1098 3719 1159 3763 nos

260 3797 362 3864 uitam
377 3797 587 3862 obtineamus
604 3804 773 3862 aeternam.
819 3796 882 3862 Per
896 3798 1040 3862 eundem
1049 3795 1087 3856 *Α

321 4007 429 4075 ntes.
445 4007 521 4073 aaut
542 4009 625 4090 april.
647 4009 830 4073 inumata
850 4015 956 4075 sancta
975 4011 1100 4077 nuent

640 4135 783 4204 Colkcta.

302 4251 405 4330 Deus,
420 4250 476 4333 qui
496 4249 606 4315 beatae
625 4250 760 4334 uirginis
782 4259 877 4317 utero
900 4250 1040 4316 uerbum
1055 4263 1159 4330 tuum,

291 4445 300 4477 ¹
315 4445 347 4498 Ο.
358 4463 384 4512 p.
397 4460 453 4512 ²94.
486 4444 551 4496 This
565 4445 587 4496 is
602 4445 645 4497 the
654 4446 748 4513 Epiph.
759 4447 829 4513 Pres.
841 4448 877 4512 (p.
891 4444 944 4509 65).
978 4448 1003 4497 A
1014 4447 1078 4497 later
1090 4447 1157 4498 hand

259 4525 304 4576 bas
315 4526 411 4576 written
427 4523 517 4576 overit
527 4525 586 4574 ‘uel
593 4525 660 4589 Quia
671 4541 715 4590 per
731 4524 851 4576 incarnati
866 4525 935 4575 uerbi
947 4526 1106 4590 mysterium'
1118 4529 1157 4590 (ns

259 4605 284 4654 iu
293 4604 324 4656 0.
336 4621 364 4670 p.
375 4605 443 4670 app).

289 4681 300 4711 ¹
315 4683 443 4748 Praefatio.
477 4681 507 4731 Iu
519 4681 671 4733 exultatione
687 4681 811 4748 praecipue
824 4680 1017 4748 sollempnitatis
1031 4682 1157 4743 hodierne,

258 4760 284 4810 in
294 4777 344 4827 qna
359 4767 497 4812 coaeoemus
508 4761 555 4810 tibi
567 4759 633 4810 filius
650 4768 706 4810 tuns
716 4760 858 4826 unigenitus
869 4761 895 4809 iu
908 4767 994 4810 nostra
1011 4769 1084 4812 uatus
1101 4764 1157 4814 sub-

258 4841 357 4896 stantia,
371 4857 387 4890 a
403 4839 555 4906 parentibus,
571 4839 647 4906 legali
665 4839 807 4897 traditione,
825 4839 969 4906 deportetur
984 4839 1010 4888 in
1027 4841 1157 4906 templum.

258 4916 329 4968 Idem
345 4917 408 4982 legis
423 4917 490 4968 lator
504 4924 529 4968 et
541 4924 633 4974 custos,
645 4917 789 4982 precipiens
803 4923 828 4968 et
839 4917 966 4978 obediens,
978 4917 1049 4968 diues
1063 4919 1089 4968 iu
1102 4936 1157 4979 suo,

257 4996 387 5062 pauperia
402 5004 495 5057 nostro,
507 5012 554 5062 pur
565 5001 687 5046 turturum
704 4996 744 5045 uel
756 4996 820 5046 duos
832 4995 915 5061 pullos
925 4995 1105 5052 columbanus.
1113 4998 1156 5048 nix

257 5075 347 5125 sufficit
366 5072 490 5125 aedicio
506 5073 560 5125 caeli
582 5081 692 5139 terreque
714 5089 850 5141 possessor.
884 5074 1011 5125 Grundeni
1033 5076 1156 5140 symeonis

258 5152 372 5203 inualidis
388 5159 500 5218 gestatur
514 5153 540 5202 in
557 5153 680 5214 manibus,
698 5170 714 5204 a
730 5169 780 5218 quo
797 5153 881 5202 mundi
899 5153 1017 5204 dominus
1034 5163 1059 5204 et
1076 5161 1157 5205 rector

257 5230 412 5295 predicetur.
446 5230 552 5281 Accedit
571 5231 648 5281 etiarn
667 5230 795 5281 oraculum
814 5231 896 5282 uiduae
917 5231 1080 5291 testificantis,
1096 5249 1156 5299 quo·

258 5309 324 5358 uiam
340 5308 446 5358 decebat
458 5307 491 5357 ab
507 5317 612 5374 unoque
624 5323 683 5358 sexu
697 5305 883 5360 ndrruutiaretur
893 5309 1021 5376 utriusque
1037 5309 1155 5362 saluatur.

257 5385 337 5450 Quem
348 5385 453 5437 landem
463 5386 552 5452 augeli,
563 5395 611 5437 etc.
628 5386 656 5438 Z.

288 5467 299 5496 ⁸
314 5464 346 5515 Ο.
357 5480 383 5530 p.
395 5461 452 5528 3⁶5·
829 5463 840 5496 ¹
858 5465 913 5518 Om.
926 5465 957 5518 Ζ.

288 5543 299 5574 ⁸
313 5541 406 5593 Placed
417 5543 442 5592 in
453 5541 497 5593 the
507 5541 639 5609 Proprium
650 5541 798 5593 Sanctomm
809 5543 836 5592 in
847 5543 875 5592 Z.

315 5622 370 5686 (or.
381 5620 485 5679 Rorate,
496 5620 550 5672 celi
602 5619 610 5690 Ι
672 5630 698 5671 ν.
710 5620 765 5672 Celi
776 5630 898 5674 euanent.

1218 975 1291 1020 cern
1308 955 1362 1022 dei
1384 958 1558 1036 credimus,
1573 959 1643 1023 eius
1664 960 1753 1044 apud
1777 969 1812 1026 te
1834 958 2121 1026 intercessionibus

1218 1055 1422 1121 adiuuemur.
1469 1057 1531 1122 Per
1544 1057 1698 1124 eundem.

1555 1264 1618 1329 Ad
1629 1263 1776 1330 messam.

1261 1384 1380 1462 Deus
1403 1399 1472 1465 Qur
1502 1400 1702 1454 nomnium
1729 1401 1795 1454 nra
1825 1401 1983 1456 naasuu
2009 1403 2120 1457 ruunt

1216 1483 1325 1550 beatae
1347 1484 1483 1570 uirginis
1504 1488 1581 1553 aluo
1604 1491 1790 1554 coadunare
1816 1489 1960 1566 uoluisti,
1982 1489 2034 1555 iac
2058 1511 2120 1556 nos

1215 1586 1263 1650 ita
1285 1588 1511 1670 conceptionis
1533 1590 1636 1672 ipsius
1662 1600 1871 1655 sacramenta
1893 1609 2058 1673 peragere,
2082 1601 2121 1654 ut

1215 1688 1276 1754 tibi
1291 1687 1422 1771 placere
1437 1690 1618 1756 ualeamus.
1661 1691 1725 1756 Per
1739 1692 1906 1759 eundemr

1594 1894 1735 1963 Secreta.

1259 2021 1299 2087 In
1322 2023 1488 2089 mentibus
1507 2025 1637 2105 nostris,
1652 2025 1795 2106 domine,
1811 2046 1887 2090 uere
1910 2023 1986 2092 fidei
2009 2047 2118 2092 sacra·

1215 2131 1329 2187 menta
1357 2124 1523 2204 confirma,
1546 2136 1583 2190 ut
1612 2127 1669 2209 qui
1696 2135 1892 2209 conceptum
1923 2128 1966 2191 de
1992 2127 2118 2212 uirgine

1213 2223 1314 2287 deum
1338 2245 1452 2288 uerum
1480 2236 1514 2290 et
1537 2224 1708 2290 hominem
1730 2227 1936 2305 confitemur,
1963 2248 2022 2310 per
2048 2228 2118 2292 eius

1212 2323 1379 2388 salutifere
1400 2325 1669 2390 resurrectionis¹
1688 2328 1874 2410 potentiam
1891 2327 1934 2390 ad
1958 2337 2117 2393 aetemam

1211 2443 1396 2489 mereamur
1409 2426 1580 2509 peruenire
1595 2425 1755 2492 laetitiam.
1802 2427 1864 2491 Per
1879 2429 2045 2493 eundemr

1579 2630 1751 2713 Proefatro.

1250 2755 1346 2822 U.D.
1356 2765 1481 2822 aeterne
1490 2758 1583 2824 deus.
1604 2758 1672 2842 Qui
1682 2779 1742 2843 per
1750 2760 1849 2842 beate
1859 2759 1971 2824 mariae
1982 2761 2117 2844 uirginis

1212 2865 1344 2940 partum
1361 2855 1506 2938 ecclesiae
1521 2869 1589 2923 tuae
1605 2858 1749 2924 tribuisti
1762 2857 1928 2924 celebrare
1942 2861 2115 2927 mirabilc²

1212 2957 1415 3040 mysterium,
1432 2965 1466 3020 et
1489 2957 1706 3023 inenarrabile
1725 2969 1979 3036 sacramentum,
1995 2962 2028 3024 in
2049 2982 2117 3044 qua

1212 3065 1326 3122 manet
1343 3057 1468 3122 intacta
1484 3057 1628 3135 castitas,
1643 3059 1752 3142 pudor
1770 3058 1906 3142 integer,
1923 3058 2017 3124 firma
2038 3081 2116 3125 con-

1211 3157 1343 3235 stantia,
1365 3155 1450 3240 Quae
1467 3157 1599 3222 laetatur
1616 3158 1706 3241 quod
1730 3158 1823 3241 uirgo
1846 3161 2006 3243 concepit,
2023 3162 2114 3243 quod

1212 3257 1283 3320 caeli
1313 3257 1486 3321 dominum
1511 3257 1611 3322 castis
1637 3258 1782 3341 portauit
1812 3256 2000 3337 uisceribus,
2025 3259 2114 3342 quod

1211 3356 1304 3440 uirgo
1320 3355 1425 3420 edidit
1439 3366 1581 3440 partum.
1619 3356 1651 3423 Ο
1666 3357 1897 3422 admirandam
1911 3357 2033 3422 diuinae
2048 3360 2116 3423 dis·

1210 3455 1413 3539 pensationis
1424 3456 1660 3540 operationem,
1674 3477 1749 3541 quae
1761 3458 1868 3522 uirum
1880 3477 1946 3521 non
1959 3459 2116 3542 cognouit

1212 3563 1246 3619 ct
1267 3565 1373 3619 mater
1395 3563 1454 3633 est,
1469 3565 1504 3620 ct
1525 3568 1602 3639 post
1624 3557 1728 3621 filium
1752 3557 1846 3640 uirgo
1869 3568 1928 3622 est.
1975 3558 2115 3623 Duobus

1211 3657 1300 3719 enim
1315 3655 1431 3738 gauisa
1446 3664 1496 3720 est
1512 3657 1713 3721 muneribus.
1752 3655 1901 3734 Miratur,
1914 3656 2004 3740 quod
2020 3658 2115 3741 uirgo

1211 3755 1348 3838 peperit,
1361 3753 1500 3830 laetatur,
1513 3757 1604 3838 quod
1620 3759 1864 3840 redemptorem
1881 3758 1995 3822 mundi
2009 3757 2114 3820 edidit

1212 3855 1341 3919 ihesum
1357 3853 1515 3919 christum
1528 3854 1699 3920 dominum
1715 3866 1873 3922 nostrum.
1909 3855 1971 3920 Per
1985 3877 2085 3939 quem
2092 3855 2115 3918 ³.

1515 4058 1578 4124 Ad
1587 4058 1816 4142 complendum.

1256 4187 1407 4254 Gratiam
1431 4199 1533 4264 tuam,
1557 4189 1700 4267 domine,
1727 4188 1893 4255 mentibus
1919 4189 2039 4254 nostris
2065 4189 2115 4255 in-

1211 4288 1322 4364 funde,
1346 4287 1471 4370 utqui,
1499 4275 1623 4372 ang'elo
1642 4290 1824 4369 nuntiante,
1846 4289 1958 4354 christi
1980 4289 2038 4353 filii
2064 4291 2113 4355 tui
2193 4363 2203 4382 ·

1210 4389 1470 4454 incarnationem
1495 4389 1722 4472 cognouimus,
1746 4408 1805 4471 per
1830 4389 2017 4471 passionem
2044 4389 2114 4454 eius

1211 4498 1245 4552 et
1260 4509 1400 4563 crucem,
1412 4487 1456 4550 ad
1472 4489 1717 4554 resurrectionis
1727 4487 1866 4573 gloriam
1882 4489 2110 4571 perducamur.

1211 4587 1274 4651 Per
1288 4588 1456 4653 eundem.⁷

1269 4827 1347 4866 aner.
1365 4815 1476 4866 Locutus
1498 4821 1536 4866 est
1556 4815 1637 4866 domi·

1339 4909 1385 4944 nus
1396 4894 1428 4944 sd
1440 4893 1526 4944 schaz.

1269 4984 1315 5023 ou.
1327 4971 1379 5036 Qui
1391 4971 1470 5029 sedes,
1481 4973 1590 5023 domine.

1270 5062 1315 5100 rs.
1326 5052 1390 5110 Aue,
1401 5051 1489 5102 maria.

1748 4823 1794 4866 ιν.
1822 4812 1915 4863 Missus
1943 4819 1981 4864 est
2008 4813 2111 4880 angelus

1818 4891 1922 4957 gabriel.

1746 4969 2056 5036 oannemuiegntie.

1746 5048 1995 5114 eoulsooeuirgo).

1745 5164 1789 5202 'nn
1801 5151 1852 5216 Qui
1863 5151 1936 5217 regis.

1742 5241 1770 5280 v.
1781 5229 1833 5294 Qui
1844 5231 1915 5280 redes
1926 5243 2007 5295 super.

1742 5317 1769 5358 v.
1782 5307 1917 5359 Beniamin.

1743 5385 2002 5444 v.1=:xciu,domine.

1741 5465 1960 5521 nummaria

1742 5555 1809 5594 cont.
1819 5545 1886 5594 Ecce
1896 5544 1978 5610 uirgo.

1613 5619 1744 5674 ¹0m.0.
1839 5621 2076 5700 ¹¹0.p.3157.

1266 5164 1294 5204 Α.
1306 5153 1407 5211 Rorate,
1419 5153 1474 5204 oeli.

1267 5244 1304 5281 rs
1321 5231 1376 5282 Celi
1389 5238 1503 5282 enarrent
1514 5231 1570 5295 (uel
1581 5231 1633 5296 Qui

1337 5309 1414 5370 sedes,
1428 5309 1549 5373 domine).

1266 5399 1294 5438 n.
1306 5387 1403 5437 Diffusa
1414 5395 1459 5438 est

1266 5477 1294 5515 v.
1307 5466 1415 5532 Propter
1430 5465 1560 5516 ueritatem
1578 5466 1634 5529 (uel

1337 5546 1401 5604 Aue,
1412 5545 1515 5607 maria).

1237 5621 1247 5653 ²
1265 5622 1445 5674 Incamalionis
1456 5621 1481 5674 S.
