<?xml version="1.0" encoding="UTF-8"?>
<!DOCTYPE html PUBLIC "-//W3C//DTD XHTML 1.0 Transitional//EN"
    "http://www.w3.org/TR/xhtml1/DTD/xhtml1-transitional.dtd">
<html xmlns="http://www.w3.org/1999/xhtml" xml:lang="en" lang="en">
 <head>
  <title>
</title>
<meta http-equiv="Content-Type" content="text/html;charset=utf-8" />
  <meta name='ocr-system' content='tesseract 3.04.00' />
  <meta name='ocr-capabilities' content='ocr_page ocr_carea ocr_par ocr_line ocrx_word'/>
</head>
<body>
  <div class='ocr_page' id='page_1' title='image "./leofricmissalas00cathgoog/leofricmissalas00cathgoog_0359.png"; bbox 0 0 5116 6608; ppageno 0'>
   <div class='ocr_carea' id='block_1_1' title="bbox 1079 575 1685 673">
    <p class='ocr_par' dir='ltr' id='par_1_1' title="bbox 1079 575 1685 673">
     <span class='ocr_line' id='line_1_1' title="bbox 1079 575 1685 673; baseline 0.002 -20"><span class='ocrx_word' id='word_1_1' title='bbox 1079 577 1222 664; x_wconf 59' lang='lat' dir='ltr'>missal</span> <span class='ocrx_word' id='word_1_2' title='bbox 1247 581 1280 653; x_wconf 83' lang='lat' dir='ltr'>ct</span> <span class='ocrx_word' id='word_1_3' title='bbox 1303 578 1428 655; x_wconf 80' lang='lat' dir='ltr'>itisbrtt</span> <span class='ocrx_word' id='word_1_4' title='bbox 1451 579 1484 652; x_wconf 83' lang='lat' dir='ltr'>ct</span> <span class='ocrx_word' id='word_1_5' title='bbox 1502 575 1685 673; x_wconf 60' lang='lat' dir='ltr'>fijandans.</span> 
     </span>
    </p>
   </div>
   <div class='ocr_carea' id='block_1_2' title="bbox 461 581 532 672">
    <p class='ocr_par' dir='ltr' id='par_1_2' title="bbox 461 581 532 672">
     <span class='ocr_line' id='line_1_2' title="bbox 461 581 532 672; baseline 0.028 -22"><span class='ocrx_word' id='word_1_6' title='bbox 461 581 532 672; x_wconf 90' lang='lat'>284</span> 
     </span>
    </p>
   </div>
   <div class='ocr_carea' id='block_1_3' title="bbox 458 776 2306 1330">
    <p class='ocr_par' dir='ltr' id='par_1_3' title="bbox 458 776 2306 1330">
     <span class='ocr_line' id='line_1_3' title="bbox 458 776 2305 858; baseline 0 -18"><span class='ocrx_word' id='word_1_7' title='bbox 458 781 534 840; x_wconf 90' lang='lat' dir='ltr'>cinia</span> <span class='ocrx_word' id='word_1_8' title='bbox 556 790 652 841; x_wconf 89' lang='lat' dir='ltr'>tecum</span> <span class='ocrx_word' id='word_1_9' title='bbox 678 779 718 839; x_wconf 88' lang='lat' dir='ltr'>ita</span> <span class='ocrx_word' id='word_1_10' title='bbox 741 780 771 838; x_wconf 93' lang='lat' dir='ltr'>in</span> <span class='ocrx_word' id='word_1_11' title='bbox 796 789 904 840; x_wconf 83' lang='lat' dir='ltr'>aeterna</span> <span class='ocrx_word' id='word_1_12' title='bbox 928 779 1062 841; x_wconf 78' lang='lat' dir='ltr'>claritatis</span> <span class='ocrx_word' id='word_1_13' title='bbox 1086 789 1143 840; x_wconf 83' lang='lat' dir='ltr'>tuae</span> <span class='ocrx_word' id='word_1_14' title='bbox 1168 780 1259 858; x_wconf 88' lang='lat' dir='ltr'>gloria</span> <span class='ocrx_word' id='word_1_15' title='bbox 1283 796 1356 857; x_wconf 81' lang='lat' dir='ltr'>prae-</span> <span class='ocrx_word' id='word_1_16' title='bbox 1409 777 1532 838; x_wconf 87' lang='lat' dir='ltr'>soluere.</span> <span class='ocrx_word' id='word_1_17' title='bbox 1574 776 1634 850; x_wconf 90' lang='lat' dir='ltr'>Qui</span> <span class='ocrx_word' id='word_1_18' title='bbox 1648 777 1715 838; x_wconf 88' lang='lat' dir='ltr'>ideo</span> <span class='ocrx_word' id='word_1_19' title='bbox 1734 776 1884 838; x_wconf 83' lang='lat' dir='ltr'>catholicae</span> <span class='ocrx_word' id='word_1_20' title='bbox 1898 779 2105 840; x_wconf 88' lang='lat' dir='ltr'>conuocationi</span> <span class='ocrx_word' id='word_1_21' title='bbox 2118 780 2198 840; x_wconf 91' lang='lat' dir='ltr'>uirile</span> <span class='ocrx_word' id='word_1_22' title='bbox 2217 783 2305 841; x_wconf 89' lang='lat' dir='ltr'>robur</span> 
     </span>
     <span class='ocr_line' id='line_1_4' title="bbox 459 870 2305 953; baseline -0.001 -17"><span class='ocrx_word' id='word_1_23' title='bbox 459 875 615 952; x_wconf 86' lang='lat' dir='ltr'>parasti,ut</span> <span class='ocrx_word' id='word_1_24' title='bbox 629 875 659 934; x_wconf 88' lang='lat' dir='ltr'>in</span> <span class='ocrx_word' id='word_1_25' title='bbox 674 875 716 935; x_wconf 91' lang='lat' dir='ltr'>eis</span> <span class='ocrx_word' id='word_1_26' title='bbox 730 875 857 934; x_wconf 80' lang='lat' dir='ltr'>existens</span> <span class='ocrx_word' id='word_1_27' title='bbox 870 874 1008 934; x_wconf 89' lang='lat' dir='ltr'>mirabilis</span> <span class='ocrx_word' id='word_1_28' title='bbox 1018 873 1150 934; x_wconf 81' lang='lat' dir='ltr'>diffusius</span> <span class='ocrx_word' id='word_1_29' title='bbox 1162 875 1230 934; x_wconf 91' lang='lat' dir='ltr'>huic</span> <span class='ocrx_word' id='word_1_30' title='bbox 1244 872 1357 933; x_wconf 91' lang='lat' dir='ltr'>mundo</span> <span class='ocrx_word' id='word_1_31' title='bbox 1409 873 1439 931; x_wconf 91' lang='lat' dir='ltr'>in</span> <span class='ocrx_word' id='word_1_32' title='bbox 1460 891 1533 934; x_wconf 83' lang='lat' dir='ltr'>sexu</span> <span class='ocrx_word' id='word_1_33' title='bbox 1553 870 1682 932; x_wconf 84' lang='lat' dir='ltr'>femineo</span> <span class='ocrx_word' id='word_1_34' title='bbox 1702 872 1832 943; x_wconf 84' lang='lat' dir='ltr'>tribuisti,</span> <span class='ocrx_word' id='word_1_35' title='bbox 1848 873 1983 950; x_wconf 81' lang='lat' dir='ltr'><strong>quatinus</strong></span> <span class='ocrx_word' id='word_1_36' title='bbox 1997 891 2058 932; x_wconf 93' lang='lat' dir='ltr'>non</span> <span class='ocrx_word' id='word_1_37' title='bbox 2072 874 2168 934; x_wconf 90' lang='lat' dir='ltr'>solum</span> <span class='ocrx_word' id='word_1_38' title='bbox 2183 892 2234 953; x_wconf 91' lang='lat' dir='ltr'>per</span> <span class='ocrx_word' id='word_1_39' title='bbox 2247 876 2305 935; x_wconf 85' lang='lat' dir='ltr'>sor·</span> 
     </span>
     <span class='ocr_line' id='line_1_5' title="bbox 459 953 2304 1048; baseline -0.001 -18"><span class='ocrx_word' id='word_1_40' title='bbox 459 981 516 1030; x_wconf 85' lang='lat' dir='ltr'>tuae</span> <span class='ocrx_word' id='word_1_41' title='bbox 530 968 667 1029; x_wconf 90' lang='lat' dir='ltr'>ostendas</span> <span class='ocrx_word' id='word_1_42' title='bbox 691 953 828 1028; x_wconf 72' lang='lat' dir='ltr'>ueritaiis.</span> <span class='ocrx_word' id='word_1_43' title='bbox 868 969 914 1028; x_wconf 83' lang='lat' dir='ltr'>Ex</span> <span class='ocrx_word' id='word_1_44' title='bbox 934 986 1059 1047; x_wconf 90' lang='lat' dir='ltr'>quorum</span> <span class='ocrx_word' id='word_1_45' title='bbox 1080 968 1205 1046; x_wconf 86' lang='lat' dir='ltr'>collegio</span> <span class='ocrx_word' id='word_1_46' title='bbox 1225 967 1356 1028; x_wconf 91' lang='lat' dir='ltr'>beatissi-</span> <span class='ocrx_word' id='word_1_47' title='bbox 1409 966 1538 1026; x_wconf 91' lang='lat' dir='ltr'>tissimos</span> <span class='ocrx_word' id='word_1_48' title='bbox 1562 975 1591 1025; x_wconf 95' lang='lat' dir='ltr'>et</span> <span class='ocrx_word' id='word_1_49' title='bbox 1615 965 1825 1043; x_wconf 79' lang='lat' dir='ltr'>insuperabiles</span> <span class='ocrx_word' id='word_1_50' title='bbox 1845 967 1932 1038; x_wconf 90' lang='lat' dir='ltr'>uiros,</span> <span class='ocrx_word' id='word_1_51' title='bbox 1954 985 2056 1026; x_wconf 89' lang='lat' dir='ltr'>uerum</span> <span class='ocrx_word' id='word_1_52' title='bbox 2079 969 2167 1028; x_wconf 90' lang='lat' dir='ltr'>etiam</span> <span class='ocrx_word' id='word_1_53' title='bbox 2191 987 2244 1048; x_wconf 89' lang='lat' dir='ltr'>per</span> <span class='ocrx_word' id='word_1_54' title='bbox 2263 969 2304 1029; x_wconf 88' lang='lat' dir='ltr'>ie-</span> 
     </span>
     <span class='ocr_line' id='line_1_6' title="bbox 459 1059 2305 1138; baseline 0.001 -16"><span class='ocrx_word' id='word_1_55' title='bbox 459 1081 525 1122; x_wconf 91' lang='lat' dir='ltr'>mus</span> <span class='ocrx_word' id='word_1_56' title='bbox 560 1065 641 1123; x_wconf 89' lang='lat' dir='ltr'>testis</span> <span class='ocrx_word' id='word_1_57' title='bbox 672 1073 737 1123; x_wconf 91' lang='lat' dir='ltr'>tuus</span> <span class='ocrx_word' id='word_1_58' title='bbox 772 1062 937 1124; x_wconf 86' lang='lat' dir='ltr'>koenelmus</span> <span class='ocrx_word' id='word_1_59' title='bbox 971 1063 1002 1122; x_wconf 91' lang='lat' dir='ltr'>in</span> <span class='ocrx_word' id='word_1_60' title='bbox 1037 1063 1167 1138; x_wconf 78' lang='lat' dir='ltr'>aecclesie</span> <span class='ocrx_word' id='word_1_61' title='bbox 1202 1063 1357 1123; x_wconf 82' lang='lat' dir='ltr'>stabilitate</span> <span class='ocrx_word' id='word_1_62' title='bbox 1409 1061 1504 1120; x_wconf 89' lang='lat' dir='ltr'>minas</span> <span class='ocrx_word' id='word_1_63' title='bbox 1518 1060 1703 1136; x_wconf 82' lang='lat' dir='ltr'>uirginesque</span> <span class='ocrx_word' id='word_1_64' title='bbox 1718 1077 1824 1133; x_wconf 86' lang='lat' dir='ltr'>sacras,</span> <span class='ocrx_word' id='word_1_65' title='bbox 1835 1059 1954 1120; x_wconf 86' lang='lat' dir='ltr'>karitate</span> <span class='ocrx_word' id='word_1_66' title='bbox 1964 1061 2105 1138; x_wconf 90' lang='lat' dir='ltr'>unigeniti</span> <span class='ocrx_word' id='word_1_67' title='bbox 2119 1063 2305 1136; x_wconf 88' lang='lat' dir='ltr'>tuiannatas,</span> 
     </span>
     <span class='ocr_line' id='line_1_7' title="bbox 459 1152 2304 1239; baseline -0.001 -22"><span class='ocrx_word' id='word_1_68' title='bbox 459 1152 583 1239; x_wconf 86' lang='lat' dir='ltr'>ago[ne]</span> <span class='ocrx_word' id='word_1_69' title='bbox 605 1158 731 1234; x_wconf 88' lang='lat' dir='ltr'>martyrii</span> <span class='ocrx_word' id='word_1_70' title='bbox 753 1158 908 1217; x_wconf 89' lang='lat' dir='ltr'>decoratus</span> <span class='ocrx_word' id='word_1_71' title='bbox 933 1157 1089 1234; x_wconf 86' lang='lat' dir='ltr'>perdomit,</span> <span class='ocrx_word' id='word_1_72' title='bbox 1112 1156 1289 1234; x_wconf 91' lang='lat' dir='ltr'>demumque</span> <span class='ocrx_word' id='word_1_73' title='bbox 1314 1155 1357 1213; x_wconf 93' lang='lat' dir='ltr'>in·</span> <span class='ocrx_word' id='word_1_74' title='bbox 1410 1153 1447 1214; x_wconf 91' lang='lat' dir='ltr'>de</span> <span class='ocrx_word' id='word_1_75' title='bbox 1471 1153 1582 1231; x_wconf 81' lang='lat' dir='ltr'>antiqui</span> <span class='ocrx_word' id='word_1_76' title='bbox 1610 1152 1702 1214; x_wconf 90' lang='lat' dir='ltr'>hostis</span> <span class='ocrx_word' id='word_1_77' title='bbox 1730 1153 1815 1213; x_wconf 90' lang='lat' dir='ltr'>ruina</span> <span class='ocrx_word' id='word_1_78' title='bbox 1841 1153 2043 1231; x_wconf 84' lang='lat' dir='ltr'>triumphares.</span> <span class='ocrx_word' id='word_1_79' title='bbox 2085 1153 2182 1216; x_wconf 91' lang='lat' dir='ltr'>Huius</span> <span class='ocrx_word' id='word_1_80' title='bbox 2209 1165 2304 1234; x_wconf 87' lang='lat' dir='ltr'>tyran-</span> 
     </span>
     <span class='ocr_line' id='line_1_8' title="bbox 459 1247 2306 1330; baseline 0 -20"><span class='ocrx_word' id='word_1_81' title='bbox 459 1252 604 1310; x_wconf 85' lang='lat' dir='ltr'>nocentiae</span> <span class='ocrx_word' id='word_1_82' title='bbox 619 1253 775 1330; x_wconf 89' lang='lat' dir='ltr'>proemium</span> <span class='ocrx_word' id='word_1_83' title='bbox 789 1262 920 1329; x_wconf 89' lang='lat' dir='ltr'>captans,</span> <span class='ocrx_word' id='word_1_84' title='bbox 935 1251 1078 1311; x_wconf 88' lang='lat' dir='ltr'>laureatus</span> <span class='ocrx_word' id='word_1_85' title='bbox 1092 1251 1215 1311; x_wconf 87' lang='lat' dir='ltr'>caelestis</span> <span class='ocrx_word' id='word_1_86' title='bbox 1231 1249 1357 1327; x_wconf 91' lang='lat' dir='ltr'>capitolii</span> <span class='ocrx_word' id='word_1_87' title='bbox 1410 1247 1507 1306; x_wconf 91' lang='lat' dir='ltr'>nidem</span> <span class='ocrx_word' id='word_1_88' title='bbox 1525 1247 1596 1307; x_wconf 89' lang='lat' dir='ltr'>olim</span> <span class='ocrx_word' id='word_1_89' title='bbox 1613 1247 1751 1307; x_wconf 90' lang='lat' dir='ltr'>dominus</span> <span class='ocrx_word' id='word_1_90' title='bbox 1771 1255 1871 1306; x_wconf 92' lang='lat' dir='ltr'>noster</span> <span class='ocrx_word' id='word_1_91' title='bbox 1885 1247 1984 1307; x_wconf 89' lang='lat' dir='ltr'>ihesus</span> <span class='ocrx_word' id='word_1_92' title='bbox 2000 1247 2124 1309; x_wconf 87' lang='lat' dir='ltr'>christus</span> <span class='ocrx_word' id='word_1_93' title='bbox 2140 1267 2194 1309; x_wconf 89' lang='lat' dir='ltr'>sua</span> <span class='ocrx_word' id='word_1_94' title='bbox 2212 1263 2306 1311; x_wconf 90' lang='lat' dir='ltr'>morte</span> 
     </span>
    </p>
   </div>
   <div class='ocr_carea' id='block_1_4' title="bbox 459 1342 1360 1986">
    <p class='ocr_par' dir='ltr' id='par_1_4' title="bbox 459 1342 1360 1876">
     <span class='ocr_line' id='line_1_9' title="bbox 459 1342 1357 1423; baseline -0.003 -19"><span class='ocrx_word' id='word_1_95' title='bbox 459 1344 660 1405; x_wconf 87' lang='lat' dir='ltr'>celsitudinem</span> <span class='ocrx_word' id='word_1_96' title='bbox 676 1347 807 1422; x_wconf 87' lang='lat' dir='ltr'>optinere</span> <span class='ocrx_word' id='word_1_97' title='bbox 822 1346 988 1423; x_wconf 88' lang='lat' dir='ltr'>promeruit.</span> <span class='ocrx_word' id='word_1_98' title='bbox 1030 1344 1067 1404; x_wconf 90' lang='lat' dir='ltr'>lu</span> <span class='ocrx_word' id='word_1_99' title='bbox 1088 1346 1169 1406; x_wconf 84' lang='lat' dir='ltr'>errius</span> <span class='ocrx_word' id='word_1_100' title='bbox 1191 1342 1357 1422; x_wconf 88' lang='lat' dir='ltr'>sollempni·</span> 
     </span>
     <span class='ocr_line' id='line_1_10' title="bbox 459 1438 1360 1516; baseline -0.006 -17"><span class='ocrx_word' id='word_1_101' title='bbox 459 1441 527 1499; x_wconf 89' lang='lat' dir='ltr'>tatis</span> <span class='ocrx_word' id='word_1_102' title='bbox 541 1438 695 1516; x_wconf 89' lang='lat' dir='ltr'>triumpho,</span> <span class='ocrx_word' id='word_1_103' title='bbox 711 1457 808 1499; x_wconf 91' lang='lat' dir='ltr'>annua</span> <span class='ocrx_word' id='word_1_104' title='bbox 828 1441 885 1516; x_wconf 89' lang='lat' dir='ltr'>piae</span> <span class='ocrx_word' id='word_1_105' title='bbox 907 1439 1073 1499; x_wconf 89' lang='lat' dir='ltr'>deuotionis</span> <span class='ocrx_word' id='word_1_106' title='bbox 1094 1451 1201 1500; x_wconf 75' lang='lat' dir='ltr'>nostra</span> <span class='ocrx_word' id='word_1_107' title='bbox 1221 1447 1292 1497; x_wconf 86' lang='lat' dir='ltr'>uota</span> <span class='ocrx_word' id='word_1_108' title='bbox 1312 1455 1360 1495; x_wconf 90' lang='lat' dir='ltr'>re·</span> 
     </span>
     <span class='ocr_line' id='line_1_11' title="bbox 460 1532 1357 1610; baseline 0.001 -17"><span class='ocrx_word' id='word_1_109' title='bbox 460 1543 622 1604; x_wconf 89' lang='lat' dir='ltr'>censentes,</span> <span class='ocrx_word' id='word_1_110' title='bbox 637 1551 785 1593; x_wconf 88' lang='lat' dir='ltr'>consonas</span> <span class='ocrx_word' id='word_1_111' title='bbox 799 1534 941 1592; x_wconf 90' lang='lat' dir='ltr'>maiestati</span> <span class='ocrx_word' id='word_1_112' title='bbox 957 1544 1013 1592; x_wconf 86' lang='lat' dir='ltr'>tuae</span> <span class='ocrx_word' id='word_1_113' title='bbox 1034 1533 1226 1610; x_wconf 90' lang='lat' dir='ltr'>persoluimus</span> <span class='ocrx_word' id='word_1_114' title='bbox 1247 1532 1357 1606; x_wconf 90' lang='lat' dir='ltr'>laudes,</span> 
     </span>
     <span class='ocr_line' id='line_1_12' title="bbox 459 1626 1356 1704; baseline 0.001 -18"><span class='ocrx_word' id='word_1_115' title='bbox 459 1628 594 1703; x_wconf 86' lang='lat' dir='ltr'>quatinus</span> <span class='ocrx_word' id='word_1_116' title='bbox 621 1626 696 1686; x_wconf 92' lang='lat' dir='ltr'>illius</span> <span class='ocrx_word' id='word_1_117' title='bbox 724 1628 868 1704; x_wconf 72' lang='lat' dir='ltr'>precibus</span> <span class='ocrx_word' id='word_1_118' title='bbox 896 1627 1023 1686; x_wconf 88' lang='lat' dir='ltr'>caelestia</span> <span class='ocrx_word' id='word_1_119' title='bbox 1050 1644 1170 1686; x_wconf 88' lang='lat' dir='ltr'>munera</span> <span class='ocrx_word' id='word_1_120' title='bbox 1198 1627 1356 1703; x_wconf 84' lang='lat' dir='ltr'>capiamus,</span> 
     </span>
     <span class='ocr_line' id='line_1_13' title="bbox 459 1720 1356 1799; baseline 0.003 -21"><span class='ocrx_word' id='word_1_121' title='bbox 459 1721 608 1798; x_wconf 88' lang='lat' dir='ltr'>iunctique</span> <span class='ocrx_word' id='word_1_122' title='bbox 622 1731 788 1781; x_wconf 90' lang='lat' dir='ltr'>sanctorum</span> <span class='ocrx_word' id='word_1_123' title='bbox 804 1721 927 1780; x_wconf 77' lang='lat' dir='ltr'>coetibus</span> <span class='ocrx_word' id='word_1_124' title='bbox 940 1721 971 1779; x_wconf 91' lang='lat' dir='ltr'>in</span> <span class='ocrx_word' id='word_1_125' title='bbox 985 1731 1159 1799; x_wconf 90' lang='lat' dir='ltr'>perpetuum</span> <span class='ocrx_word' id='word_1_126' title='bbox 1169 1720 1356 1781; x_wconf 89' lang='lat' dir='ltr'>conletemur.</span> 
     </span>
     <span class='ocr_line' id='line_1_14' title="bbox 459 1813 676 1876; baseline 0.009 -5"><span class='ocrx_word' id='word_1_127' title='bbox 459 1813 514 1874; x_wconf 87' lang='lat' dir='ltr'>Per</span> <span class='ocrx_word' id='word_1_128' title='bbox 528 1814 676 1876; x_wconf 87' lang='lat' dir='ltr'>christum.</span> 
     </span>
    </p>

    <p class='ocr_par' dir='ltr' id='par_1_5' title="bbox 783 1909 1033 1986">
     <span class='ocr_line' id='line_1_15' title="bbox 783 1909 1033 1986; baseline -0.004 -18"><span class='ocrx_word' id='word_1_129' title='bbox 783 1909 835 1968; x_wconf 85' lang='lat' dir='ltr'>Ad</span> <span class='ocrx_word' id='word_1_130' title='bbox 844 1910 1033 1986; x_wconf 81' lang='lat' dir='ltr'>complendum.</span> 
     </span>
    </p>
   </div>
   <div class='ocr_carea' id='block_1_5' title="bbox 459 2026 1357 2370">
    <p class='ocr_par' dir='ltr' id='par_1_6' title="bbox 459 2026 1357 2370">
     <span class='ocr_line' id='line_1_16' title="bbox 501 2026 1357 2106; baseline -0.001 -19"><span class='ocrx_word' id='word_1_131' title='bbox 501 2026 651 2106; x_wconf 90' lang='lat' dir='ltr'>Percipiat,</span> <span class='ocrx_word' id='word_1_132' title='bbox 677 2046 844 2106; x_wconf 89' lang='lat' dir='ltr'>quesumus,</span> <span class='ocrx_word' id='word_1_133' title='bbox 866 2027 993 2099; x_wconf 92' lang='lat' dir='ltr'>domine,</span> <span class='ocrx_word' id='word_1_134' title='bbox 1011 2026 1094 2105; x_wconf 87' lang='lat' dir='ltr'>plebs</span> <span class='ocrx_word' id='word_1_135' title='bbox 1114 2037 1163 2086; x_wconf 93' lang='lat' dir='ltr'>tua</span> <span class='ocrx_word' id='word_1_136' title='bbox 1183 2026 1259 2086; x_wconf 90' lang='lat' dir='ltr'>beati</span> <span class='ocrx_word' id='word_1_137' title='bbox 1280 2043 1357 2086; x_wconf 89' lang='lat' dir='ltr'>mar·</span> 
     </span>
     <span class='ocr_line' id='line_1_17' title="bbox 460 2120 1357 2199; baseline -0.001 -19"><span class='ocrx_word' id='word_1_138' title='bbox 460 2123 529 2199; x_wconf 89' lang='lat' dir='ltr'>tyris</span> <span class='ocrx_word' id='word_1_139' title='bbox 544 2123 584 2181; x_wconf 94' lang='lat' dir='ltr'>tui</span> <span class='ocrx_word' id='word_1_140' title='bbox 599 2122 737 2182; x_wconf 84' lang='lat' dir='ltr'>lroenelmi</span> <span class='ocrx_word' id='word_1_141' title='bbox 753 2121 888 2182; x_wconf 89' lang='lat' dir='ltr'>natalicia</span> <span class='ocrx_word' id='word_1_142' title='bbox 901 2121 1075 2182; x_wconf 89' lang='lat' dir='ltr'>celebrando</span> <span class='ocrx_word' id='word_1_143' title='bbox 1090 2139 1158 2181; x_wconf 91' lang='lat' dir='ltr'>cum</span> <span class='ocrx_word' id='word_1_144' title='bbox 1180 2120 1357 2181; x_wconf 84' lang='lat' dir='ltr'>exultatione</span> 
     </span>
     <span class='ocr_line' id='line_1_18' title="bbox 459 2213 1357 2294; baseline -0.001 -20"><span class='ocrx_word' id='word_1_145' title='bbox 459 2215 608 2288; x_wconf 82' lang='lat' dir='ltr'>iaetitiam3</span> <span class='ocrx_word' id='word_1_146' title='bbox 629 2227 658 2274; x_wconf 89' lang='lat' dir='ltr'>et</span> <span class='ocrx_word' id='word_1_147' title='bbox 669 2233 759 2294; x_wconf 89' lang='lat' dir='ltr'>quam</span> <span class='ocrx_word' id='word_1_148' title='bbox 773 2216 894 2276; x_wconf 91' lang='lat' dir='ltr'>caelestis</span> <span class='ocrx_word' id='word_1_149' title='bbox 904 2233 1006 2275; x_wconf 90' lang='lat' dir='ltr'>mense</span> <span class='ocrx_word' id='word_1_150' title='bbox 1021 2213 1144 2274; x_wconf 80' lang='lat' dir='ltr'>refecisti</span> <span class='ocrx_word' id='word_1_151' title='bbox 1159 2213 1265 2288; x_wconf 89' lang='lat' dir='ltr'>edulio,</span> <span class='ocrx_word' id='word_1_152' title='bbox 1275 2224 1357 2274; x_wconf 85' lang='lat' dir='ltr'>aeter·</span> 
     </span>
     <span class='ocr_line' id='line_1_19' title="bbox 460 2308 1127 2370; baseline -0.001 -2"><span class='ocrx_word' id='word_1_153' title='bbox 460 2310 557 2370; x_wconf 88' lang='lat' dir='ltr'>nitatis</span> <span class='ocrx_word' id='word_1_154' title='bbox 570 2320 627 2370; x_wconf 86' lang='lat' dir='ltr'>tuae</span> <span class='ocrx_word' id='word_1_155' title='bbox 643 2309 732 2370; x_wconf 87' lang='lat' dir='ltr'>iacias</span> <span class='ocrx_word' id='word_1_156' title='bbox 746 2310 849 2369; x_wconf 91' lang='lat' dir='ltr'>abscisi</span> <span class='ocrx_word' id='word_1_157' title='bbox 864 2309 1021 2370; x_wconf 89' lang='lat' dir='ltr'>consortio.</span> <span class='ocrx_word' id='word_1_158' title='bbox 1063 2308 1127 2369; x_wconf 89' lang='lat' dir='ltr'>Per.</span> 
     </span>
    </p>
   </div>
   <div class='ocr_carea' id='block_1_6' title="bbox 873 2466 952 2526">
    <p class='ocr_par' dir='ltr' id='par_1_7' title="bbox 873 2466 952 2526">
     <span class='ocr_line' id='line_1_20' title="bbox 873 2466 952 2526; baseline 0.025 -2"><span class='ocrx_word' id='word_1_159' title='bbox 873 2466 952 2526; x_wconf 84' lang='lat' dir='ltr'>Alr&#39;o.</span> 
     </span>
    </p>
   </div>
   <div class='ocr_carea' id='block_1_7' title="bbox 459 2586 1359 3039">
    <p class='ocr_par' dir='ltr' id='par_1_8' title="bbox 459 2586 1359 3039">
     <span class='ocr_line' id='line_1_21' title="bbox 502 2586 1359 2658; baseline 0 -12"><span class='ocrx_word' id='word_1_160' title='bbox 502 2587 620 2658; x_wconf 90' lang='lat' dir='ltr'>Tribue,</span> <span class='ocrx_word' id='word_1_161' title='bbox 642 2586 772 2647; x_wconf 87' lang='lat' dir='ltr'>clemens</span> <span class='ocrx_word' id='word_1_162' title='bbox 792 2596 820 2646; x_wconf 92' lang='lat' dir='ltr'>et</span> <span class='ocrx_word' id='word_1_163' title='bbox 841 2587 1005 2648; x_wconf 86' lang='lat' dir='ltr'>misericors</span> <span class='ocrx_word' id='word_1_164' title='bbox 1026 2587 1107 2658; x_wconf 90' lang='lat' dir='ltr'>deus,</span> <span class='ocrx_word' id='word_1_165' title='bbox 1129 2587 1159 2646; x_wconf 93' lang='lat' dir='ltr'>in</span> <span class='ocrx_word' id='word_1_166' title='bbox 1181 2587 1258 2647; x_wconf 89' lang='lat' dir='ltr'>beati</span> <span class='ocrx_word' id='word_1_167' title='bbox 1278 2587 1359 2648; x_wconf 88' lang='lat' dir='ltr'>testis</span> 
     </span>
     <span class='ocr_line' id='line_1_22' title="bbox 460 2679 1359 2758; baseline 0.001 -18"><span class='ocrx_word' id='word_1_168' title='bbox 460 2682 501 2742; x_wconf 93' lang='lat' dir='ltr'>tui</span> <span class='ocrx_word' id='word_1_169' title='bbox 522 2681 650 2740; x_wconf 85' lang='lat' dir='ltr'>kenelmi</span> <span class='ocrx_word' id='word_1_170' title='bbox 673 2680 824 2740; x_wconf 82' lang='lat' dir='ltr'>iestiuitate</span> <span class='ocrx_word' id='word_1_171' title='bbox 847 2679 980 2740; x_wconf 92' lang='lat' dir='ltr'>fidelibus</span> <span class='ocrx_word' id='word_1_172' title='bbox 1004 2680 1121 2758; x_wconf 89' lang='lat' dir='ltr'>populis</span> <span class='ocrx_word' id='word_1_173' title='bbox 1145 2698 1235 2758; x_wconf 92' lang='lat' dir='ltr'>opem</span> <span class='ocrx_word' id='word_1_174' title='bbox 1258 2680 1359 2742; x_wconf 88' lang='lat' dir='ltr'>salutis</span> 
     </span>
     <span class='ocr_line' id='line_1_23' title="bbox 461 2772 1359 2852; baseline 0 -18"><span class='ocrx_word' id='word_1_175' title='bbox 461 2785 585 2848; x_wconf 84' lang='lat' dir='ltr'>reterne;</span> <span class='ocrx_word' id='word_1_176' title='bbox 616 2792 730 2852; x_wconf 91' lang='lat' dir='ltr'>nosque</span> <span class='ocrx_word' id='word_1_177' title='bbox 753 2772 877 2834; x_wconf 83' lang='lat' dir='ltr'>famulos</span> <span class='ocrx_word' id='word_1_178' title='bbox 899 2784 965 2833; x_wconf 92' lang='lat' dir='ltr'>tuos</span> <span class='ocrx_word' id='word_1_179' title='bbox 987 2774 1120 2852; x_wconf 87' lang='lat' dir='ltr'>peruigili</span> <span class='ocrx_word' id='word_1_180' title='bbox 1148 2774 1263 2835; x_wconf 90' lang='lat' dir='ltr'>custodi</span> <span class='ocrx_word' id='word_1_181' title='bbox 1291 2791 1359 2852; x_wconf 73' lang='lat' dir='ltr'>pro</span> 
     </span>
     <span class='ocr_line' id='line_1_24' title="bbox 459 2867 1358 2946; baseline 0 -18"><span class='ocrx_word' id='word_1_182' title='bbox 459 2871 594 2940; x_wconf 91' lang='lat' dir='ltr'>tectione,</span> <span class='ocrx_word' id='word_1_183' title='bbox 609 2869 704 2946; x_wconf 92' lang='lat' dir='ltr'>utqui</span> <span class='ocrx_word' id='word_1_184' title='bbox 719 2877 747 2927; x_wconf 94' lang='lat' dir='ltr'>te</span> <span class='ocrx_word' id='word_1_185' title='bbox 767 2868 835 2928; x_wconf 91' lang='lat' dir='ltr'>totis</span> <span class='ocrx_word' id='word_1_186' title='bbox 855 2868 988 2928; x_wconf 88' lang='lat' dir='ltr'>sensibus</span> <span class='ocrx_word' id='word_1_187' title='bbox 1007 2868 1189 2942; x_wconf 84' lang='lat' dir='ltr'>confitemur,</span> <span class='ocrx_word' id='word_1_188' title='bbox 1203 2867 1284 2928; x_wconf 88' lang='lat' dir='ltr'>nulla</span> <span class='ocrx_word' id='word_1_189' title='bbox 1303 2869 1358 2928; x_wconf 90' lang='lat' dir='ltr'>ini·</span> 
     </span>
     <span class='ocr_line' id='line_1_25' title="bbox 459 2959 1085 3039; baseline 0 -19"><span class='ocrx_word' id='word_1_190' title='bbox 459 2962 528 3022; x_wconf 92' lang='lat' dir='ltr'>mici</span> <span class='ocrx_word' id='word_1_191' title='bbox 543 2961 643 3021; x_wconf 81' lang='lat' dir='ltr'>fraude</span> <span class='ocrx_word' id='word_1_192' title='bbox 656 2962 812 3039; x_wconf 84' lang='lat' dir='ltr'>capiamur.</span> <span class='ocrx_word' id='word_1_193' title='bbox 854 2959 910 3021; x_wconf 90' lang='lat' dir='ltr'>Per</span> <span class='ocrx_word' id='word_1_194' title='bbox 923 2960 1085 3021; x_wconf 91' lang='lat' dir='ltr'>dominum.</span> 
     </span>
    </p>
   </div>
   <div class='ocr_carea' id='block_1_8' title="bbox 610 3175 1208 3258">
    <p class='ocr_par' dir='ltr' id='par_1_9' title="bbox 610 3175 1208 3258">
     <span class='ocr_line' id='line_1_26' title="bbox 610 3175 1208 3258; baseline 0 -15"><span class='ocrx_word' id='word_1_195' title='bbox 610 3177 685 3244; x_wconf 59' lang='lat' dir='ltr'>Kal</span> <span class='ocrx_word' id='word_1_196' title='bbox 702 3179 756 3243; x_wconf 80' lang='lat' dir='ltr'>fri.</span> <span class='ocrx_word' id='word_1_197' title='bbox 793 3175 869 3244; x_wconf 77' lang='lat' dir='ltr'>Nat</span> <span class='ocrx_word' id='word_1_198' title='bbox 887 3194 912 3243; x_wconf 85' lang='lat' dir='ltr'>s.</span> <span class='ocrx_word' id='word_1_199' title='bbox 926 3178 1040 3258; x_wconf 64' lang='lat' dir='ltr'>brigita</span> <span class='ocrx_word' id='word_1_200' title='bbox 1054 3178 1178 3258; x_wconf 80' lang='lat' dir='ltr'>uirginis</span> <span class='ocrx_word' id='word_1_201' title='bbox 1187 3177 1208 3243; x_wconf 84' lang='lat'>¹.</span> 
     </span>
    </p>
   </div>
   <div class='ocr_carea' id='block_1_9' title="bbox 460 3311 1359 3762">
    <p class='ocr_par' dir='ltr' id='par_1_10' title="bbox 460 3311 1359 3762">
     <span class='ocr_line' id='line_1_27' title="bbox 503 3311 1358 3392; baseline 0.004 -21"><span class='ocrx_word' id='word_1_202' title='bbox 503 3311 649 3372; x_wconf 89' lang='lat' dir='ltr'>Caelorum</span> <span class='ocrx_word' id='word_1_203' title='bbox 678 3322 765 3390; x_wconf 91' lang='lat' dir='ltr'>atque</span> <span class='ocrx_word' id='word_1_204' title='bbox 793 3322 933 3372; x_wconf 88' lang='lat' dir='ltr'>terrarum</span> <span class='ocrx_word' id='word_1_205' title='bbox 961 3313 1096 3372; x_wconf 90' lang='lat' dir='ltr'>conditor</span> <span class='ocrx_word' id='word_1_206' title='bbox 1117 3325 1146 3372; x_wconf 90' lang='lat' dir='ltr'>et</span> <span class='ocrx_word' id='word_1_207' title='bbox 1172 3315 1358 3392; x_wconf 90' lang='lat' dir='ltr'>gubernator,</span> 
     </span>
     <span class='ocr_line' id='line_1_28' title="bbox 460 3405 1359 3486; baseline 0.004 -22"><span class='ocrx_word' id='word_1_208' title='bbox 460 3407 648 3483; x_wconf 91' lang='lat' dir='ltr'>omnipotens</span> <span class='ocrx_word' id='word_1_209' title='bbox 668 3405 749 3478; x_wconf 91' lang='lat' dir='ltr'>deus,</span> <span class='ocrx_word' id='word_1_210' title='bbox 772 3407 911 3483; x_wconf 86' lang='lat' dir='ltr'>praecanti</span> <span class='ocrx_word' id='word_1_211' title='bbox 934 3407 1046 3483; x_wconf 91' lang='lat' dir='ltr'>populo</span> <span class='ocrx_word' id='word_1_212' title='bbox 1067 3417 1118 3467; x_wconf 93' lang='lat' dir='ltr'>tuo</span> <span class='ocrx_word' id='word_1_213' title='bbox 1139 3425 1274 3468; x_wconf 88' lang='lat' dir='ltr'>succurre</span> <span class='ocrx_word' id='word_1_214' title='bbox 1298 3409 1359 3486; x_wconf 94' lang='lat' dir='ltr'>pie·</span> 
     </span>
     <span class='ocr_line' id='line_1_29' title="bbox 460 3499 1358 3578; baseline 0.004 -22"><span class='ocrx_word' id='word_1_215' title='bbox 460 3500 520 3569; x_wconf 92' lang='lat' dir='ltr'>tati,</span> <span class='ocrx_word' id='word_1_216' title='bbox 532 3508 560 3557; x_wconf 93' lang='lat' dir='ltr'>et</span> <span class='ocrx_word' id='word_1_217' title='bbox 574 3510 681 3575; x_wconf 84' lang='lat' dir='ltr'>praesta</span> <span class='ocrx_word' id='word_1_218' title='bbox 693 3510 725 3558; x_wconf 94' lang='lat' dir='ltr'>ut</span> <span class='ocrx_word' id='word_1_219' title='bbox 739 3501 789 3577; x_wconf 90' lang='lat' dir='ltr'>qui</span> <span class='ocrx_word' id='word_1_220' title='bbox 803 3499 915 3558; x_wconf 91' lang='lat' dir='ltr'>honore</span> <span class='ocrx_word' id='word_1_221' title='bbox 930 3512 1038 3560; x_wconf 89' lang='lat' dir='ltr'>sanctae</span> <span class='ocrx_word' id='word_1_222' title='bbox 1053 3500 1173 3577; x_wconf 81' lang='lat' dir='ltr'>brigidae</span> <span class='ocrx_word' id='word_1_223' title='bbox 1185 3513 1358 3578; x_wconf 86' lang='lat' dir='ltr'>praesentem</span> 
     </span>
     <span class='ocr_line' id='line_1_30' title="bbox 461 3590 1358 3672; baseline 0.004 -21"><span class='ocrx_word' id='word_1_224' title='bbox 461 3592 519 3651; x_wconf 93' lang='lat' dir='ltr'>diei</span> <span class='ocrx_word' id='word_1_225' title='bbox 534 3590 618 3650; x_wconf 92' lang='lat' dir='ltr'>huius</span> <span class='ocrx_word' id='word_1_226' title='bbox 631 3593 759 3668; x_wconf 84' lang='lat' dir='ltr'>gerimus</span> <span class='ocrx_word' id='word_1_227' title='bbox 778 3593 1032 3670; x_wconf 89' lang='lat' dir='ltr'>sollempnitatem,</span> <span class='ocrx_word' id='word_1_228' title='bbox 1046 3612 1097 3671; x_wconf 91' lang='lat' dir='ltr'>per</span> <span class='ocrx_word' id='word_1_229' title='bbox 1112 3595 1203 3672; x_wconf 92' lang='lat' dir='ltr'>ipsius</span> <span class='ocrx_word' id='word_1_230' title='bbox 1221 3597 1358 3672; x_wconf 86' lang='lat' dir='ltr'>suffragia</span> 
     </span>
     <span class='ocr_line' id='line_1_31' title="bbox 460 3685 1267 3762; baseline 0.005 -19"><span class='ocrx_word' id='word_1_231' title='bbox 460 3688 580 3761; x_wconf 88' lang='lat' dir='ltr'>perenni</span> <span class='ocrx_word' id='word_1_232' title='bbox 595 3685 686 3762; x_wconf 86' lang='lat' dir='ltr'>gloria</span> <span class='ocrx_word' id='word_1_233' title='bbox 698 3686 850 3762; x_wconf 87' lang='lat' dir='ltr'>potiamur.</span> <span class='ocrx_word' id='word_1_234' title='bbox 893 3685 948 3745; x_wconf 88' lang='lat' dir='ltr'>Per</span> <span class='ocrx_word' id='word_1_235' title='bbox 959 3687 1111 3747; x_wconf 91' lang='lat' dir='ltr'>dominum</span> <span class='ocrx_word' id='word_1_236' title='bbox 1127 3699 1267 3749; x_wconf 91' lang='lat' dir='ltr'>nostrum.</span> 
     </span>
    </p>
   </div>
   <div class='ocr_carea' id='block_1_10' title="bbox 589 3899 1240 3984">
    <p class='ocr_par' dir='ltr' id='par_1_11' title="bbox 589 3899 1240 3984">
     <span class='ocr_line' id='line_1_32' title="bbox 589 3899 1240 3984; baseline 0.008 -20"><span class='ocrx_word' id='word_1_237' title='bbox 589 3900 707 3966; x_wconf 74' lang='lat' dir='ltr'>lintri.</span> <span class='ocrx_word' id='word_1_238' title='bbox 747 3899 824 3965; x_wconf 75' lang='lat' dir='ltr'>Nat.</span> <span class='ocrx_word' id='word_1_239' title='bbox 840 3917 865 3966; x_wconf 84' lang='lat' dir='ltr'>s.</span> <span class='ocrx_word' id='word_1_240' title='bbox 881 3903 1072 3979; x_wconf 70' lang='lat' dir='ltr'>cantabilia</span> <span class='ocrx_word' id='word_1_241' title='bbox 1085 3904 1211 3984; x_wconf 81' lang='lat' dir='ltr'>uirginis</span> <span class='ocrx_word' id='word_1_242' title='bbox 1219 3909 1240 3969; x_wconf 79' lang='lat'>².</span> 
     </span>
    </p>
   </div>
   <div class='ocr_carea' id='block_1_11' title="bbox 461 4035 1358 4583">
    <p class='ocr_par' dir='ltr' id='par_1_12' title="bbox 461 4035 1358 4583">
     <span class='ocr_line' id='line_1_33' title="bbox 503 4035 1357 4118; baseline 0.006 -22"><span class='ocrx_word' id='word_1_243' title='bbox 503 4035 702 4113; x_wconf 86' lang='lat' dir='ltr'>Omnipotens</span> <span class='ocrx_word' id='word_1_244' title='bbox 729 4035 1030 4113; x_wconf 89' lang='lat' dir='ltr'>incomprehensibilis</span> <span class='ocrx_word' id='word_1_245' title='bbox 1058 4038 1138 4110; x_wconf 90' lang='lat' dir='ltr'>deus,</span> <span class='ocrx_word' id='word_1_246' title='bbox 1160 4039 1262 4100; x_wconf 84' lang='lat' dir='ltr'>adesto</span> <span class='ocrx_word' id='word_1_247' title='bbox 1294 4042 1357 4118; x_wconf 91' lang='lat' dir='ltr'>piis,</span> 
     </span>
     <span class='ocr_line' id='line_1_34' title="bbox 463 4127 1358 4208; baseline 0.009 -20"><span class='ocrx_word' id='word_1_248' title='bbox 463 4147 630 4206; x_wconf 90' lang='lat' dir='ltr'>quesumus,</span> <span class='ocrx_word' id='word_1_249' title='bbox 652 4127 793 4189; x_wconf 84' lang='lat' dir='ltr'>recclesiae</span> <span class='ocrx_word' id='word_1_250' title='bbox 814 4139 869 4188; x_wconf 79' lang='lat' dir='ltr'>tum</span> <span class='ocrx_word' id='word_1_251' title='bbox 890 4130 1042 4206; x_wconf 84' lang='lat' dir='ltr'>praecibus,</span> <span class='ocrx_word' id='word_1_252' title='bbox 1058 4149 1130 4208; x_wconf 90' lang='lat' dir='ltr'>quas</span> <span class='ocrx_word' id='word_1_253' title='bbox 1152 4133 1182 4192; x_wconf 92' lang='lat' dir='ltr'>in</span> <span class='ocrx_word' id='word_1_254' title='bbox 1206 4133 1262 4193; x_wconf 89' lang='lat' dir='ltr'>hac</span> <span class='ocrx_word' id='word_1_255' title='bbox 1283 4135 1358 4196; x_wconf 89' lang='lat' dir='ltr'>cele-</span> 
     </span>
     <span class='ocr_line' id='line_1_35' title="bbox 461 4223 1358 4300; baseline 0.007 -16"><span class='ocrx_word' id='word_1_256' title='bbox 461 4225 565 4284; x_wconf 90' lang='lat' dir='ltr'>britate</span> <span class='ocrx_word' id='word_1_257' title='bbox 594 4241 684 4284; x_wconf 83' lang='lat' dir='ltr'>sacrae</span> <span class='ocrx_word' id='word_1_258' title='bbox 712 4223 832 4300; x_wconf 88' lang='lat' dir='ltr'>uirginis</span> <span class='ocrx_word' id='word_1_259' title='bbox 859 4223 1065 4283; x_wconf 81' lang='lat' dir='ltr'>eormenhildae</span> <span class='ocrx_word' id='word_1_260' title='bbox 1093 4225 1184 4286; x_wconf 82' lang='lat' dir='ltr'>defert</span> <span class='ocrx_word' id='word_1_261' title='bbox 1216 4229 1358 4289; x_wconf 89' lang='lat' dir='ltr'>maiestati</span> 
     </span>
     <span class='ocr_line' id='line_1_36' title="bbox 462 4316 1358 4394; baseline 0.008 -19"><span class='ocrx_word' id='word_1_262' title='bbox 462 4328 520 4377; x_wconf 88' lang='lat' dir='ltr'>tuae</span> <span class='ocrx_word' id='word_1_263' title='bbox 528 4337 536 4389; x_wconf 89' lang='lat'>;</span> <span class='ocrx_word' id='word_1_264' title='bbox 559 4335 611 4394; x_wconf 91' lang='lat' dir='ltr'>per</span> <span class='ocrx_word' id='word_1_265' title='bbox 625 4316 707 4376; x_wconf 89' lang='lat' dir='ltr'>cuius</span> <span class='ocrx_word' id='word_1_266' title='bbox 721 4317 915 4376; x_wconf 89' lang='lat' dir='ltr'>intementum</span> <span class='ocrx_word' id='word_1_267' title='bbox 929 4335 1085 4394; x_wconf 85' lang='lat' dir='ltr'>exquoque</span> <span class='ocrx_word' id='word_1_268' title='bbox 1100 4329 1265 4381; x_wconf 88' lang='lat' dir='ltr'>nostrorum</span> <span class='ocrx_word' id='word_1_269' title='bbox 1283 4324 1358 4382; x_wconf 91' lang='lat' dir='ltr'>rubi·</span> 
     </span>
     <span class='ocr_line' id='line_1_37' title="bbox 461 4411 1358 4495; baseline 0.008 -25"><span class='ocrx_word' id='word_1_270' title='bbox 461 4413 561 4489; x_wconf 91' lang='lat' dir='ltr'>ginem</span> <span class='ocrx_word' id='word_1_271' title='bbox 580 4411 726 4481; x_wconf 89' lang='lat' dir='ltr'>uitiorum,</span> <span class='ocrx_word' id='word_1_272' title='bbox 740 4419 770 4470; x_wconf 93' lang='lat' dir='ltr'>et</span> <span class='ocrx_word' id='word_1_273' title='bbox 789 4427 865 4486; x_wconf 84' lang='lat' dir='ltr'>auge</span> <span class='ocrx_word' id='word_1_274' title='bbox 885 4412 1039 4486; x_wconf 89' lang='lat' dir='ltr'>puritatem</span> <span class='ocrx_word' id='word_1_275' title='bbox 1055 4412 1199 4486; x_wconf 91' lang='lat' dir='ltr'>uirtutum,</span> <span class='ocrx_word' id='word_1_276' title='bbox 1214 4417 1358 4495; x_wconf 87' lang='lat' dir='ltr'>nobisque</span> 
     </span>
     <span class='ocr_line' id='line_1_38' title="bbox 462 4503 1305 4583; baseline 0.005 -18"><span class='ocrx_word' id='word_1_277' title='bbox 462 4505 560 4582; x_wconf 88' lang='lat' dir='ltr'>praebe</span> <span class='ocrx_word' id='word_1_278' title='bbox 574 4503 720 4564; x_wconf 90' lang='lat' dir='ltr'>caelestem</span> <span class='ocrx_word' id='word_1_279' title='bbox 733 4503 808 4580; x_wconf 87' lang='lat' dir='ltr'>iugis</span> <span class='ocrx_word' id='word_1_280' title='bbox 821 4503 922 4581; x_wconf 87' lang='lat' dir='ltr'>gloriae</span> <span class='ocrx_word' id='word_1_281' title='bbox 936 4505 1199 4583; x_wconf 83' lang='lat' dir='ltr'>sempiternitatem.</span> <span class='ocrx_word' id='word_1_282' title='bbox 1242 4509 1305 4569; x_wconf 90' lang='lat' dir='ltr'>Per.</span> 
     </span>
    </p>
   </div>
   <div class='ocr_carea' id='block_1_12' title="bbox 852 4645 970 4707">
    <p class='ocr_par' dir='ltr' id='par_1_13' title="bbox 852 4645 970 4707">
     <span class='ocr_line' id='line_1_39' title="bbox 852 4645 970 4707; baseline 0.008 -1"><span class='ocrx_word' id='word_1_283' title='bbox 852 4645 970 4707; x_wconf 77' lang='lat' dir='ltr'>Secreta.</span> 
     </span>
    </p>
   </div>
   <div class='ocr_carea' id='block_1_13' title="bbox 462 4767 1361 5225">
    <p class='ocr_par' dir='ltr' id='par_1_14' title="bbox 462 4767 1361 5129">
     <span class='ocr_line' id='line_1_40' title="bbox 503 4767 1361 4855; baseline 0.009 -28"><span class='ocrx_word' id='word_1_284' title='bbox 503 4767 633 4845; x_wconf 90' lang='lat' dir='ltr'>Suscipe,</span> <span class='ocrx_word' id='word_1_285' title='bbox 661 4783 828 4844; x_wconf 86' lang='lat' dir='ltr'>quesumus,</span> <span class='ocrx_word' id='word_1_286' title='bbox 863 4767 1085 4829; x_wconf 89' lang='lat' dir='ltr'>clementissime</span> <span class='ocrx_word' id='word_1_287' title='bbox 1115 4767 1224 4855; x_wconf 88' lang='lat' dir='ltr'>[deus],</span> <span class='ocrx_word' id='word_1_288' title='bbox 1261 4777 1361 4835; x_wconf 91' lang='lat' dir='ltr'>munia</span> 
     </span>
     <span class='ocr_line' id='line_1_41' title="bbox 462 4860 1359 4941; baseline 0.008 -18"><span class='ocrx_word' id='word_1_289' title='bbox 462 4863 614 4941; x_wconf 88' lang='lat' dir='ltr'>praesentis</span> <span class='ocrx_word' id='word_1_290' title='bbox 632 4860 735 4936; x_wconf 78' lang='lat' dir='ltr'>hostie,</span> <span class='ocrx_word' id='word_1_291' title='bbox 750 4871 779 4920; x_wconf 93' lang='lat' dir='ltr'>et</span> <span class='ocrx_word' id='word_1_292' title='bbox 800 4879 853 4938; x_wconf 91' lang='lat' dir='ltr'>per</span> <span class='ocrx_word' id='word_1_293' title='bbox 866 4863 928 4922; x_wconf 91' lang='lat' dir='ltr'>eius</span> <span class='ocrx_word' id='word_1_294' title='bbox 948 4863 1059 4936; x_wconf 87' lang='lat' dir='ltr'>merita,</span> <span class='ocrx_word' id='word_1_295' title='bbox 1074 4866 1156 4925; x_wconf 88' lang='lat' dir='ltr'>cuius</span> <span class='ocrx_word' id='word_1_296' title='bbox 1170 4885 1297 4928; x_wconf 83' lang='lat' dir='ltr'>annuam</span> <span class='ocrx_word' id='word_1_297' title='bbox 1312 4889 1359 4930; x_wconf 90' lang='lat' dir='ltr'>ce-</span> 
     </span>
     <span class='ocr_line' id='line_1_42' title="bbox 462 4954 1359 5041; baseline 0.009 -24"><span class='ocrx_word' id='word_1_298' title='bbox 462 4957 607 5017; x_wconf 90' lang='lat' dir='ltr'>lebramus</span> <span class='ocrx_word' id='word_1_299' title='bbox 628 4954 881 5033; x_wconf 88' lang='lat' dir='ltr'>sollempnitatem,</span> <span class='ocrx_word' id='word_1_300' title='bbox 896 4955 999 5036; x_wconf 88' lang='lat' dir='ltr'>largire</span> <span class='ocrx_word' id='word_1_301' title='bbox 1017 4959 1103 5018; x_wconf 88' lang='lat' dir='ltr'>nobis</span> <span class='ocrx_word' id='word_1_302' title='bbox 1117 4963 1266 5041; x_wconf 87' lang='lat' dir='ltr'>utriusque</span> <span class='ocrx_word' id='word_1_303' title='bbox 1287 4963 1359 5026; x_wconf 88' lang='lat' dir='ltr'>lucis</span> 
     </span>
     <span class='ocr_line' id='line_1_43' title="bbox 463 5049 798 5129; baseline -0.003 -20"><span class='ocrx_word' id='word_1_304' title='bbox 463 5051 693 5129; x_wconf 87' lang='lat' dir='ltr'>prosperitatem.</span> <span class='ocrx_word' id='word_1_305' title='bbox 736 5049 798 5108; x_wconf 91' lang='lat' dir='ltr'>Per.</span> 
     </span>
    </p>

    <p class='ocr_par' dir='ltr' id='par_1_15' title="bbox 836 5145 987 5225">
     <span class='ocr_line' id='line_1_44' title="bbox 836 5145 987 5225; baseline 0.013 -21"><span class='ocrx_word' id='word_1_306' title='bbox 836 5145 987 5225; x_wconf 81' lang='lat' dir='ltr'>Proesctr&#39;o.</span> 
     </span>
    </p>
   </div>
   <div class='ocr_carea' id='block_1_14' title="bbox 463 5264 1359 5439">
    <p class='ocr_par' dir='ltr' id='par_1_16' title="bbox 463 5264 1359 5439">
     <span class='ocr_line' id='line_1_45' title="bbox 503 5264 1359 5351; baseline 0.012 -27"><span class='ocrx_word' id='word_1_307' title='bbox 503 5264 542 5324; x_wconf 91' lang='lat' dir='ltr'>U.</span> <span class='ocrx_word' id='word_1_308' title='bbox 564 5264 603 5323; x_wconf 93' lang='lat' dir='ltr'>D.</span> <span class='ocrx_word' id='word_1_309' title='bbox 625 5273 732 5324; x_wconf 81' lang='lat' dir='ltr'>aeteme</span> <span class='ocrx_word' id='word_1_310' title='bbox 757 5265 837 5324; x_wconf 92' lang='lat' dir='ltr'>deus.</span> <span class='ocrx_word' id='word_1_311' title='bbox 881 5265 1067 5328; x_wconf 89' lang='lat' dir='ltr'>Potissimum</span> <span class='ocrx_word' id='word_1_312' title='bbox 1092 5270 1122 5328; x_wconf 94' lang='lat' dir='ltr'>in</span> <span class='ocrx_word' id='word_1_313' title='bbox 1150 5270 1206 5331; x_wconf 88' lang='lat' dir='ltr'>hac</span> <span class='ocrx_word' id='word_1_314' title='bbox 1230 5271 1276 5332; x_wconf 89' lang='lat' dir='ltr'>die</span> <span class='ocrx_word' id='word_1_315' title='bbox 1301 5292 1359 5351; x_wconf 90' lang='lat' dir='ltr'>qua</span> 
     </span>
     <span class='ocr_line' id='line_1_46' title="bbox 463 5358 1359 5439; baseline 0.011 -22"><span class='ocrx_word' id='word_1_316' title='bbox 463 5360 615 5418; x_wconf 89' lang='lat' dir='ltr'>transitum</span> <span class='ocrx_word' id='word_1_317' title='bbox 637 5369 745 5418; x_wconf 81' lang='lat' dir='ltr'>sanctae</span> <span class='ocrx_word' id='word_1_318' title='bbox 766 5358 956 5420; x_wconf 84' lang='lat' dir='ltr'>caelebramus</span> <span class='ocrx_word' id='word_1_319' title='bbox 976 5363 1185 5439; x_wconf 77' lang='lat' dir='ltr'>eormenhilde,</span> <span class='ocrx_word' id='word_1_320' title='bbox 1200 5366 1311 5426; x_wconf 90' lang='lat' dir='ltr'>debitas</span> <span class='ocrx_word' id='word_1_321' title='bbox 1330 5379 1359 5428; x_wconf 91' lang='lat' dir='ltr'>et</span> 
     </span>
    </p>
   </div>
   <div class='ocr_carea' id='block_1_15' title="bbox 464 5453 1358 5540">
    <p class='ocr_par' dir='ltr' id='par_1_17' title="bbox 464 5453 1358 5540">
     <span class='ocr_line' id='line_1_47' title="bbox 464 5453 1358 5540; baseline 0.011 -30"><span class='ocrx_word' id='word_1_322' title='bbox 464 5453 627 5528; x_wconf 89' lang='lat' dir='ltr'>condignas</span> <span class='ocrx_word' id='word_1_323' title='bbox 651 5453 794 5522; x_wconf 85' lang='lat' dir='ltr'>maiestati</span> <span class='ocrx_word' id='word_1_324' title='bbox 817 5461 874 5513; x_wconf 80' lang='lat' dir='ltr'>ture</span> <span class='ocrx_word' id='word_1_325' title='bbox 897 5457 1005 5530; x_wconf 87' lang='lat' dir='ltr'>gratias</span> <span class='ocrx_word' id='word_1_326' title='bbox 1029 5458 1175 5533; x_wconf 86' lang='lat' dir='ltr'>ymnidica</span> <span class='ocrx_word' id='word_1_327' title='bbox 1195 5477 1270 5521; x_wconf 93' lang='lat' dir='ltr'>uoce</span> <span class='ocrx_word' id='word_1_328' title='bbox 1293 5481 1358 5540; x_wconf 91' lang='lat' dir='ltr'>per·</span> 
     </span>
    </p>
   </div>
   <div class='ocr_carea' id='block_1_16' title="bbox 595 5600 1223 5660">
    <p class='ocr_par' dir='ltr' id='par_1_18' title="bbox 595 5600 1223 5660">
     <span class='ocr_line' id='line_1_48' title="bbox 595 5600 1223 5660; baseline 0.014 -11"><span class='ocrx_word' id='word_1_329' title='bbox 595 5601 603 5629; x_wconf 87' lang='lat'><strong>¹</strong></span> <span class='ocrx_word' id='word_1_330' title='bbox 619 5600 674 5652; x_wconf 82' lang='lat' dir='ltr'>Fol.</span> <span class='ocrx_word' id='word_1_331' title='bbox 687 5601 763 5652; x_wconf 83' lang='lat' dir='ltr'>nab.</span> <span class='ocrx_word' id='word_1_332' title='bbox 1054 5602 1223 5660; x_wconf 78' lang='lat' dir='ltr'>&#39;Folrroa</span> 
     </span>
    </p>
   </div>
   <div class='ocr_carea' id='block_1_17' title="bbox 1409 1340 2306 2262">
    <p class='ocr_par' dir='ltr' id='par_1_19' title="bbox 1409 1340 2306 2262">
     <span class='ocr_line' id='line_1_49' title="bbox 1409 1340 2305 1421; baseline 0.004 -21"><span class='ocrx_word' id='word_1_333' title='bbox 1409 1340 1557 1412; x_wconf 80' lang='lat' dir='ltr'>destruxit,</span> <span class='ocrx_word' id='word_1_334' title='bbox 1576 1351 1606 1400; x_wconf 92' lang='lat' dir='ltr'>et</span> <span class='ocrx_word' id='word_1_335' title='bbox 1629 1357 1733 1400; x_wconf 90' lang='lat' dir='ltr'>omnes</span> <span class='ocrx_word' id='word_1_336' title='bbox 1757 1341 1788 1399; x_wconf 92' lang='lat' dir='ltr'>in</span> <span class='ocrx_word' id='word_1_337' title='bbox 1805 1359 1837 1400; x_wconf 90' lang='lat' dir='ltr'>se</span> <span class='ocrx_word' id='word_1_338' title='bbox 1859 1341 2010 1400; x_wconf 89' lang='lat' dir='ltr'>credentes</span> <span class='ocrx_word' id='word_1_339' title='bbox 2029 1342 2087 1403; x_wconf 87' lang='lat' dir='ltr'>fide</span> <span class='ocrx_word' id='word_1_340' title='bbox 2107 1352 2137 1403; x_wconf 92' lang='lat' dir='ltr'>et</span> <span class='ocrx_word' id='word_1_341' title='bbox 2157 1361 2247 1421; x_wconf 89' lang='lat' dir='ltr'>opere</span> <span class='ocrx_word' id='word_1_342' title='bbox 2269 1347 2305 1404; x_wconf 92' lang='lat' dir='ltr'>de</span> 
     </span>
     <span class='ocr_line' id='line_1_50' title="bbox 1410 1434 2305 1512; baseline 0.002 -17"><span class='ocrx_word' id='word_1_343' title='bbox 1410 1435 1481 1512; x_wconf 87' lang='lat' dir='ltr'>dyra</span> <span class='ocrx_word' id='word_1_344' title='bbox 1507 1435 1647 1510; x_wconf 86' lang='lat' dir='ltr'>uoragine</span> <span class='ocrx_word' id='word_1_345' title='bbox 1675 1434 1780 1494; x_wconf 86' lang='lat' dir='ltr'>baratri</span> <span class='ocrx_word' id='word_1_346' title='bbox 1807 1434 1946 1494; x_wconf 87' lang='lat' dir='ltr'>liberauit.</span> <span class='ocrx_word' id='word_1_347' title='bbox 1998 1434 2056 1495; x_wconf 93' lang='lat' dir='ltr'>Pro</span> <span class='ocrx_word' id='word_1_348' title='bbox 2091 1437 2172 1496; x_wconf 89' lang='lat' dir='ltr'>cuius</span> <span class='ocrx_word' id='word_1_349' title='bbox 2207 1455 2305 1498; x_wconf 89' lang='lat' dir='ltr'>amore</span> 
     </span>
     <span class='ocr_line' id='line_1_51' title="bbox 1410 1528 2306 1606; baseline 0.002 -17"><span class='ocrx_word' id='word_1_350' title='bbox 1410 1538 1512 1589; x_wconf 91' lang='lat' dir='ltr'>sancta</span> <span class='ocrx_word' id='word_1_351' title='bbox 1532 1529 1626 1606; x_wconf 89' lang='lat' dir='ltr'>uirgo,</span> <span class='ocrx_word' id='word_1_352' title='bbox 1649 1529 1732 1588; x_wconf 87' lang='lat' dir='ltr'>cuius</span> <span class='ocrx_word' id='word_1_353' title='bbox 1756 1528 1835 1588; x_wconf 91' lang='lat' dir='ltr'>diem</span> <span class='ocrx_word' id='word_1_354' title='bbox 1857 1529 1972 1606; x_wconf 83' lang='lat' dir='ltr'>agimus</span> <span class='ocrx_word' id='word_1_355' title='bbox 1994 1528 2109 1602; x_wconf 81' lang='lat' dir='ltr'>festum,</span> <span class='ocrx_word' id='word_1_356' title='bbox 2130 1530 2217 1593; x_wconf 92' lang='lat' dir='ltr'>huius</span> <span class='ocrx_word' id='word_1_357' title='bbox 2238 1535 2306 1592; x_wconf 77' lang='lat' dir='ltr'>uitae</span> 
     </span>
     <span class='ocr_line' id='line_1_52' title="bbox 1410 1623 2306 1702; baseline 0.003 -20"><span class='ocrx_word' id='word_1_358' title='bbox 1410 1623 1553 1682; x_wconf 90' lang='lat' dir='ltr'>caducum</span> <span class='ocrx_word' id='word_1_359' title='bbox 1568 1623 1744 1700; x_wconf 87' lang='lat' dir='ltr'>contempsit</span> <span class='ocrx_word' id='word_1_360' title='bbox 1760 1623 1909 1699; x_wconf 86' lang='lat' dir='ltr'>gaudium,</span> <span class='ocrx_word' id='word_1_361' title='bbox 1924 1633 1952 1682; x_wconf 94' lang='lat' dir='ltr'>et</span> <span class='ocrx_word' id='word_1_362' title='bbox 1966 1623 2089 1684; x_wconf 83' lang='lat' dir='ltr'>caelestis</span> <span class='ocrx_word' id='word_1_363' title='bbox 2108 1626 2208 1702; x_wconf 81' lang='lat' dir='ltr'>patriae</span> <span class='ocrx_word' id='word_1_364' title='bbox 2228 1644 2306 1686; x_wconf 92' lang='lat' dir='ltr'>sum·</span> 
     </span>
     <span class='ocr_line' id='line_1_53' title="bbox 1410 1717 2304 1794; baseline 0.004 -18"><span class='ocrx_word' id='word_1_365' title='bbox 1410 1734 1492 1776; x_wconf 88' lang='lat' dir='ltr'>mmn</span> <span class='ocrx_word' id='word_1_366' title='bbox 1515 1727 1672 1776; x_wconf 89' lang='lat' dir='ltr'>consecuta</span> <span class='ocrx_word' id='word_1_367' title='bbox 1695 1728 1739 1776; x_wconf 89' lang='lat' dir='ltr'>est</span> <span class='ocrx_word' id='word_1_368' title='bbox 1767 1719 1927 1794; x_wconf 83' lang='lat' dir='ltr'>praemium.</span> <span class='ocrx_word' id='word_1_369' title='bbox 1970 1717 2024 1777; x_wconf 91' lang='lat' dir='ltr'>Per</span> <span class='ocrx_word' id='word_1_370' title='bbox 2047 1720 2129 1780; x_wconf 90' lang='lat' dir='ltr'>cuius</span> <span class='ocrx_word' id='word_1_371' title='bbox 2153 1722 2304 1780; x_wconf 90' lang='lat' dir='ltr'>obtentum</span> 
     </span>
     <span class='ocr_line' id='line_1_54' title="bbox 1410 1811 2306 1893; baseline 0.006 -23"><span class='ocrx_word' id='word_1_372' title='bbox 1410 1821 1446 1882; x_wconf 91' lang='lat' dir='ltr'>te,</span> <span class='ocrx_word' id='word_1_373' title='bbox 1461 1827 1629 1888; x_wconf 89' lang='lat' dir='ltr'>quesumus,</span> <span class='ocrx_word' id='word_1_374' title='bbox 1653 1811 1781 1883; x_wconf 91' lang='lat' dir='ltr'>domine,</span> <span class='ocrx_word' id='word_1_375' title='bbox 1805 1811 1855 1887; x_wconf 93' lang='lat' dir='ltr'>qui</span> <span class='ocrx_word' id='word_1_376' title='bbox 1880 1811 1971 1870; x_wconf 90' lang='lat' dir='ltr'>trinus</span> <span class='ocrx_word' id='word_1_377' title='bbox 1997 1822 2027 1871; x_wconf 92' lang='lat' dir='ltr'>et</span> <span class='ocrx_word' id='word_1_378' title='bbox 2048 1831 2124 1873; x_wconf 90' lang='lat' dir='ltr'>unus</span> <span class='ocrx_word' id='word_1_379' title='bbox 2151 1833 2306 1893; x_wconf 88' lang='lat' dir='ltr'>permanes</span> 
     </span>
     <span class='ocr_line' id='line_1_55' title="bbox 1409 1903 2304 1985; baseline 0.004 -21"><span class='ocrx_word' id='word_1_380' title='bbox 1409 1904 1492 1978; x_wconf 91' lang='lat' dir='ltr'>deus,</span> <span class='ocrx_word' id='word_1_381' title='bbox 1514 1914 1554 1977; x_wconf 90' lang='lat' dir='ltr'>ut,</span> <span class='ocrx_word' id='word_1_382' title='bbox 1575 1903 1703 1981; x_wconf 89' lang='lat' dir='ltr'>depulsis</span> <span class='ocrx_word' id='word_1_383' title='bbox 1724 1903 1865 1976; x_wconf 88' lang='lat' dir='ltr'>sordibus,</span> <span class='ocrx_word' id='word_1_384' title='bbox 1886 1922 2050 1964; x_wconf 89' lang='lat' dir='ltr'>mereamur</span> <span class='ocrx_word' id='word_1_385' title='bbox 2070 1918 2165 1967; x_wconf 90' lang='lat' dir='ltr'>tecum</span> <span class='ocrx_word' id='word_1_386' title='bbox 2187 1907 2304 1985; x_wconf 85' lang='lat' dir='ltr'>repulari</span> 
     </span>
     <span class='ocr_line' id='line_1_56' title="bbox 1409 1999 2305 2078; baseline 0.002 -19"><span class='ocrx_word' id='word_1_387' title='bbox 1409 1999 1519 2059; x_wconf 84' lang='lat' dir='ltr'>caelitrrs</span> <span class='ocrx_word' id='word_1_388' title='bbox 1542 2015 1610 2058; x_wconf 91' lang='lat' dir='ltr'>cum</span> <span class='ocrx_word' id='word_1_389' title='bbox 1637 1999 1745 2059; x_wconf 89' lang='lat' dir='ltr'>sanctis</span> <span class='ocrx_word' id='word_1_390' title='bbox 1768 1999 1940 2076; x_wconf 89' lang='lat' dir='ltr'>augelorum</span> <span class='ocrx_word' id='word_1_391' title='bbox 1964 1999 2134 2078; x_wconf 80' lang='lat' dir='ltr'>legionibus.</span> <span class='ocrx_word' id='word_1_392' title='bbox 2176 2001 2214 2060; x_wconf 89' lang='lat' dir='ltr'>Et</span> <span class='ocrx_word' id='word_1_393' title='bbox 2238 2002 2305 2064; x_wconf 91' lang='lat' dir='ltr'>ideo</span> 
     </span>
     <span class='ocr_line' id='line_1_57' title="bbox 1409 2091 1618 2168; baseline -0.01 -16"><span class='ocrx_word' id='word_1_394' title='bbox 1409 2111 1476 2153; x_wconf 92' lang='lat' dir='ltr'>cum</span> <span class='ocrx_word' id='word_1_395' title='bbox 1498 2091 1618 2168; x_wconf 82' lang='lat' dir='ltr'>angelis.</span> 
     </span>
     <span class='ocr_line' id='line_1_58' title="bbox 1732 2185 1985 2262; baseline 0.004 -16"><span class='ocrx_word' id='word_1_396' title='bbox 1732 2185 1785 2246; x_wconf 74' lang='lat' dir='ltr'>Ad</span> <span class='ocrx_word' id='word_1_397' title='bbox 1796 2188 1985 2262; x_wconf 80' lang='lat' dir='ltr'>complendum.</span> 
     </span>
    </p>
   </div>
   <div class='ocr_carea' id='block_1_18' title="bbox 1410 2303 2304 2852">
    <p class='ocr_par' dir='ltr' id='par_1_20' title="bbox 1410 2303 2304 2852">
     <span class='ocr_line' id='line_1_59' title="bbox 1451 2303 2304 2383; baseline 0.007 -19"><span class='ocrx_word' id='word_1_398' title='bbox 1451 2303 1566 2365; x_wconf 84' lang='lat' dir='ltr'>Reiecti</span> <span class='ocrx_word' id='word_1_399' title='bbox 1586 2322 1670 2365; x_wconf 89' lang='lat' dir='ltr'>sacro</span> <span class='ocrx_word' id='word_1_400' title='bbox 1690 2306 1912 2383; x_wconf 87' lang='lat' dir='ltr'>participatione</span> <span class='ocrx_word' id='word_1_401' title='bbox 1932 2307 2066 2383; x_wconf 88' lang='lat' dir='ltr'>spiritalis</span> <span class='ocrx_word' id='word_1_402' title='bbox 2084 2326 2185 2369; x_wconf 89' lang='lat' dir='ltr'>mense</span> <span class='ocrx_word' id='word_1_403' title='bbox 2201 2310 2304 2370; x_wconf 90' lang='lat' dir='ltr'>maies-</span> 
     </span>
     <span class='ocr_line' id='line_1_60' title="bbox 1410 2400 2304 2482; baseline 0.006 -23"><span class='ocrx_word' id='word_1_404' title='bbox 1410 2409 1499 2460; x_wconf 89' lang='lat' dir='ltr'>tatem</span> <span class='ocrx_word' id='word_1_405' title='bbox 1524 2409 1605 2459; x_wconf 91' lang='lat' dir='ltr'>tuam</span> <span class='ocrx_word' id='word_1_406' title='bbox 1629 2400 1829 2477; x_wconf 87' lang='lat' dir='ltr'>deprecamur,</span> <span class='ocrx_word' id='word_1_407' title='bbox 1850 2402 2038 2478; x_wconf 89' lang='lat' dir='ltr'>omnipotens</span> <span class='ocrx_word' id='word_1_408' title='bbox 2061 2401 2188 2474; x_wconf 91' lang='lat' dir='ltr'>domine,</span> <span class='ocrx_word' id='word_1_409' title='bbox 2212 2404 2304 2482; x_wconf 89' lang='lat' dir='ltr'>quati·</span> 
     </span>
     <span class='ocr_line' id='line_1_61' title="bbox 1410 2492 2304 2571; baseline 0.006 -19"><span class='ocrx_word' id='word_1_410' title='bbox 1410 2511 1466 2553; x_wconf 89' lang='lat' dir='ltr'>nus</span> <span class='ocrx_word' id='word_1_411' title='bbox 1486 2511 1539 2571; x_wconf 90' lang='lat' dir='ltr'>per</span> <span class='ocrx_word' id='word_1_412' title='bbox 1552 2492 1712 2570; x_wconf 83' lang='lat' dir='ltr'>gloriosam</span> <span class='ocrx_word' id='word_1_413' title='bbox 1734 2511 1769 2553; x_wconf 90' lang='lat' dir='ltr'>ac</span> <span class='ocrx_word' id='word_1_414' title='bbox 1790 2494 1984 2554; x_wconf 91' lang='lat' dir='ltr'>uenerabilem</span> <span class='ocrx_word' id='word_1_415' title='bbox 2005 2495 2233 2556; x_wconf 88' lang='lat' dir='ltr'>eormenhildam</span> <span class='ocrx_word' id='word_1_416' title='bbox 2249 2499 2304 2556; x_wconf 89' lang='lat' dir='ltr'>uir·</span> 
     </span>
     <span class='ocr_line' id='line_1_62' title="bbox 1410 2587 2304 2665; baseline 0.006 -18"><span class='ocrx_word' id='word_1_417' title='bbox 1410 2587 1519 2665; x_wconf 85' lang='lat' dir='ltr'>ginem,</span> <span class='ocrx_word' id='word_1_418' title='bbox 1533 2588 1617 2648; x_wconf 90' lang='lat' dir='ltr'>cuius</span> <span class='ocrx_word' id='word_1_419' title='bbox 1630 2587 1775 2648; x_wconf 84' lang='lat' dir='ltr'>caelestem</span> <span class='ocrx_word' id='word_1_420' title='bbox 1790 2588 1944 2648; x_wconf 90' lang='lat' dir='ltr'>recolimus</span> <span class='ocrx_word' id='word_1_421' title='bbox 1957 2591 2145 2662; x_wconf 87' lang='lat' dir='ltr'>natiuitatem,</span> <span class='ocrx_word' id='word_1_422' title='bbox 2158 2591 2304 2652; x_wconf 89' lang='lat' dir='ltr'>concedas</span> 
     </span>
     <span class='ocr_line' id='line_1_63' title="bbox 1410 2681 2304 2763; baseline 0.004 -22"><span class='ocrx_word' id='word_1_423' title='bbox 1410 2682 1497 2742; x_wconf 92' lang='lat' dir='ltr'>nobis</span> <span class='ocrx_word' id='word_1_424' title='bbox 1511 2699 1632 2741; x_wconf 91' lang='lat' dir='ltr'>ornnem</span> <span class='ocrx_word' id='word_1_425' title='bbox 1645 2681 1797 2758; x_wconf 80' lang='lat' dir='ltr'>praesentis</span> <span class='ocrx_word' id='word_1_426' title='bbox 1811 2682 1878 2742; x_wconf 87' lang='lat' dir='ltr'>uitae</span> <span class='ocrx_word' id='word_1_427' title='bbox 1892 2684 2125 2759; x_wconf 90' lang='lat' dir='ltr'>oportunitatem,</span> <span class='ocrx_word' id='word_1_428' title='bbox 2138 2696 2168 2745; x_wconf 90' lang='lat' dir='ltr'>et</span> <span class='ocrx_word' id='word_1_429' title='bbox 2181 2703 2304 2763; x_wconf 88' lang='lat' dir='ltr'>superne</span> 
     </span>
     <span class='ocr_line' id='line_1_64' title="bbox 1410 2775 2008 2852; baseline -0.002 -16"><span class='ocrx_word' id='word_1_430' title='bbox 1410 2775 1545 2836; x_wconf 88' lang='lat' dir='ltr'>claritatis</span> <span class='ocrx_word' id='word_1_431' title='bbox 1559 2777 1735 2852; x_wconf 88' lang='lat' dir='ltr'>portionem.</span> <span class='ocrx_word' id='word_1_432' title='bbox 1779 2775 1834 2835; x_wconf 89' lang='lat' dir='ltr'>Per</span> <span class='ocrx_word' id='word_1_433' title='bbox 1846 2776 2008 2836; x_wconf 89' lang='lat' dir='ltr'>dominum.</span> 
     </span>
    </p>
   </div>
   <div class='ocr_carea' id='block_1_19' title="bbox 1466 2987 2251 3195">
    <p class='ocr_par' dir='ltr' id='par_1_21' title="bbox 1466 2987 2251 3195">
     <span class='ocr_line' id='line_1_65' title="bbox 1466 2987 2251 3082; baseline 0.01 -26"><span class='ocrx_word' id='word_1_434' title='bbox 1466 2989 1564 3056; x_wconf 71' lang='lat' dir='ltr'>stri.</span> <span class='ocrx_word' id='word_1_435' title='bbox 1573 2987 1638 3057; x_wconf 73' lang='lat' dir='ltr'>&#39;tat</span> <span class='ocrx_word' id='word_1_436' title='bbox 1652 3008 1700 3074; x_wconf 79' lang='lat' dir='ltr'>ap.</span> <span class='ocrx_word' id='word_1_437' title='bbox 1741 2991 1897 3075; x_wconf 65' lang='lat' dir='ltr'>mesraim</span> <span class='ocrx_word' id='word_1_438' title='bbox 1912 3010 1938 3059; x_wconf 77' lang='lat' dir='ltr'>a.</span> <span class='ocrx_word' id='word_1_439' title='bbox 1952 2994 2088 3072; x_wconf 75' lang='lat' dir='ltr'>cuthberti</span> <span class='ocrx_word' id='word_1_440' title='bbox 2103 2999 2224 3082; x_wconf 77' lang='lat' dir='ltr'>episcopi</span> <span class='ocrx_word' id='word_1_441' title='bbox 2233 3001 2251 3064; x_wconf 92' lang='lat'>¹.</span> 
     </span>
     <span class='ocr_line' id='line_1_66' title="bbox 1565 3124 2152 3195; baseline 0.01 -19"><span class='ocrx_word' id='word_1_442' title='bbox 1565 3124 1653 3176; x_wconf 77' lang='lat' dir='ltr'>Oratio</span> <span class='ocrx_word' id='word_1_443' title='bbox 1663 3125 1713 3176; x_wconf 82' lang='lat' dir='ltr'>aad</span> <span class='ocrx_word' id='word_1_444' title='bbox 1724 3126 1822 3176; x_wconf 79' lang='lat' dir='ltr'>Secreta</span> <span class='ocrx_word' id='word_1_445' title='bbox 1833 3141 1861 3177; x_wconf 86' lang='lat' dir='ltr'>as</span> <span class='ocrx_word' id='word_1_446' title='bbox 1872 3126 1897 3176; x_wconf 90' lang='lat' dir='ltr'>in</span> <span class='ocrx_word' id='word_1_447' title='bbox 1909 3125 2008 3180; x_wconf 72' lang='lat' dir='ltr'>Iaeoiric</span> <span class='ocrx_word' id='word_1_448' title='bbox 2019 3127 2049 3180; x_wconf 91' lang='lat' dir='ltr'>C.</span> <span class='ocrx_word' id='word_1_449' title='bbox 2060 3145 2085 3195; x_wconf 84' lang='lat' dir='ltr'>p</span> <span class='ocrx_word' id='word_1_450' title='bbox 2098 3143 2152 3193; x_wconf 75' lang='lat' dir='ltr'>ros.</span> 
     </span>
    </p>
   </div>
   <div class='ocr_carea' id='block_1_20' title="bbox 1783 3271 1933 3351">
    <p class='ocr_par' dir='ltr' id='par_1_22' title="bbox 1783 3271 1933 3351">
     <span class='ocr_line' id='line_1_67' title="bbox 1783 3271 1933 3351; baseline 0.007 -21"><span class='ocrx_word' id='word_1_451' title='bbox 1783 3271 1933 3351; x_wconf 74' lang='lat' dir='ltr'>Proefiatrir.</span> 
     </span>
    </p>
   </div>
   <div class='ocr_carea' id='block_1_21' title="bbox 1409 3386 2306 4507">
    <p class='ocr_par' dir='ltr' id='par_1_23' title="bbox 1409 3386 2306 4507">
     <span class='ocr_line' id='line_1_68' title="bbox 1449 3386 2304 3476; baseline 0.015 -30"><span class='ocrx_word' id='word_1_452' title='bbox 1449 3386 1488 3447; x_wconf 91' lang='lat' dir='ltr'>U.</span> <span class='ocrx_word' id='word_1_453' title='bbox 1503 3387 1541 3448; x_wconf 90' lang='lat' dir='ltr'>D.</span> <span class='ocrx_word' id='word_1_454' title='bbox 1555 3399 1663 3450; x_wconf 83' lang='lat' dir='ltr'>aeterne</span> <span class='ocrx_word' id='word_1_455' title='bbox 1677 3389 1758 3452; x_wconf 91' lang='lat' dir='ltr'>deus.</span> <span class='ocrx_word' id='word_1_456' title='bbox 1800 3390 1835 3450; x_wconf 93' lang='lat' dir='ltr'>In</span> <span class='ocrx_word' id='word_1_457' title='bbox 1852 3409 1912 3469; x_wconf 91' lang='lat' dir='ltr'>quo</span> <span class='ocrx_word' id='word_1_458' title='bbox 1930 3393 1969 3453; x_wconf 89' lang='lat' dir='ltr'>ita</span> <span class='ocrx_word' id='word_1_459' title='bbox 1982 3395 2072 3456; x_wconf 88' lang='lat' dir='ltr'>uirtus</span> <span class='ocrx_word' id='word_1_460' title='bbox 2089 3398 2199 3476; x_wconf 91' lang='lat' dir='ltr'>antiqui</span> <span class='ocrx_word' id='word_1_461' title='bbox 2212 3397 2304 3459; x_wconf 85' lang='lat' dir='ltr'>hostis</span> 
     </span>
     <span class='ocr_line' id='line_1_69' title="bbox 1410 3481 2303 3564; baseline 0.013 -23"><span class='ocrx_word' id='word_1_462' title='bbox 1410 3481 1480 3541; x_wconf 90' lang='lat' dir='ltr'>elisa</span> <span class='ocrx_word' id='word_1_463' title='bbox 1494 3494 1546 3554; x_wconf 90' lang='lat' dir='ltr'>est,</span> <span class='ocrx_word' id='word_1_464' title='bbox 1561 3492 1593 3543; x_wconf 94' lang='lat' dir='ltr'>ut</span> <span class='ocrx_word' id='word_1_465' title='bbox 1610 3484 1671 3544; x_wconf 91' lang='lat' dir='ltr'>eius</span> <span class='ocrx_word' id='word_1_466' title='bbox 1684 3502 1774 3562; x_wconf 90' lang='lat' dir='ltr'>quem</span> <span class='ocrx_word' id='word_1_467' title='bbox 1794 3485 1858 3562; x_wconf 90' lang='lat' dir='ltr'>ipse</span> <span class='ocrx_word' id='word_1_468' title='bbox 1879 3499 2064 3564; x_wconf 86' lang='lat' dir='ltr'>superauerat</span> <span class='ocrx_word' id='word_1_469' title='bbox 2084 3492 2201 3550; x_wconf 90' lang='lat' dir='ltr'>beatum</span> <span class='ocrx_word' id='word_1_470' title='bbox 2223 3493 2303 3552; x_wconf 90' lang='lat' dir='ltr'>cutb-</span> 
     </span>
     <span class='ocr_line' id='line_1_70' title="bbox 1410 3576 2302 3648; baseline 0.011 -13"><span class='ocrx_word' id='word_1_471' title='bbox 1410 3576 1543 3636; x_wconf 90' lang='lat' dir='ltr'>berhtum</span> <span class='ocrx_word' id='word_1_472' title='bbox 1571 3588 1601 3638; x_wconf 93' lang='lat' dir='ltr'>et</span> <span class='ocrx_word' id='word_1_473' title='bbox 1628 3577 1703 3638; x_wconf 88' lang='lat' dir='ltr'>inter</span> <span class='ocrx_word' id='word_1_474' title='bbox 1730 3589 1842 3640; x_wconf 88' lang='lat' dir='ltr'>ceteros</span> <span class='ocrx_word' id='word_1_475' title='bbox 1871 3581 1942 3642; x_wconf 88' lang='lat' dir='ltr'>tales</span> <span class='ocrx_word' id='word_1_476' title='bbox 1970 3583 2038 3644; x_wconf 85' lang='lat' dir='ltr'>lecit</span> <span class='ocrx_word' id='word_1_477' title='bbox 2061 3602 2126 3646; x_wconf 89' lang='lat' dir='ltr'>esse</span> <span class='ocrx_word' id='word_1_478' title='bbox 2154 3587 2302 3648; x_wconf 89' lang='lat' dir='ltr'>uictorem.</span> 
     </span>
     <span class='ocr_line' id='line_1_71' title="bbox 1410 3670 2303 3755; baseline 0.013 -25"><span class='ocrx_word' id='word_1_479' title='bbox 1410 3670 1500 3731; x_wconf 89' lang='lat' dir='ltr'>Cuius</span> <span class='ocrx_word' id='word_1_480' title='bbox 1517 3671 1610 3732; x_wconf 90' lang='lat' dir='ltr'>aerias</span> <span class='ocrx_word' id='word_1_481' title='bbox 1626 3680 1786 3749; x_wconf 87' lang='lat' dir='ltr'>potestates</span> <span class='ocrx_word' id='word_1_482' title='bbox 1803 3673 1904 3752; x_wconf 88' lang='lat' dir='ltr'>gloriae</span> <span class='ocrx_word' id='word_1_483' title='bbox 1922 3685 1981 3737; x_wconf 84' lang='lat' dir='ltr'>tuae</span> <span class='ocrx_word' id='word_1_484' title='bbox 1999 3679 2188 3755; x_wconf 87' lang='lat' dir='ltr'>protectionis</span> <span class='ocrx_word' id='word_1_485' title='bbox 2208 3681 2303 3742; x_wconf 91' lang='lat' dir='ltr'>multi·</span> 
     </span>
     <span class='ocr_line' id='line_1_72' title="bbox 1410 3765 2304 3854; baseline 0.013 -30"><span class='ocrx_word' id='word_1_486' title='bbox 1410 3765 1477 3842; x_wconf 92' lang='lat' dir='ltr'>plici</span> <span class='ocrx_word' id='word_1_487' title='bbox 1492 3767 1647 3843; x_wconf 87' lang='lat' dir='ltr'>prostrauit</span> <span class='ocrx_word' id='word_1_488' title='bbox 1661 3767 1770 3841; x_wconf 90' lang='lat' dir='ltr'>militia,</span> <span class='ocrx_word' id='word_1_489' title='bbox 1784 3768 1863 3827; x_wconf 90' lang='lat' dir='ltr'>uude</span> <span class='ocrx_word' id='word_1_490' title='bbox 1878 3780 1906 3830; x_wconf 91' lang='lat' dir='ltr'>et</span> <span class='ocrx_word' id='word_1_491' title='bbox 1920 3771 2023 3831; x_wconf 91' lang='lat' dir='ltr'>merito</span> <span class='ocrx_word' id='word_1_492' title='bbox 2037 3773 2192 3852; x_wconf 87' lang='lat' dir='ltr'>magnilica</span> <span class='ocrx_word' id='word_1_493' title='bbox 2206 3775 2304 3854; x_wconf 87' lang='lat' dir='ltr'>singu·</span> 
     </span>
     <span class='ocr_line' id='line_1_73' title="bbox 1409 3859 2304 3936; baseline 0.012 -18"><span class='ocrx_word' id='word_1_494' title='bbox 1409 3859 1504 3919; x_wconf 89' lang='lat' dir='ltr'>lorum</span> <span class='ocrx_word' id='word_1_495' title='bbox 1518 3859 1615 3920; x_wconf 85' lang='lat' dir='ltr'>flomit</span> <span class='ocrx_word' id='word_1_496' title='bbox 1636 3862 1796 3922; x_wconf 86' lang='lat' dir='ltr'>sanctitate.</span> <span class='ocrx_word' id='word_1_497' title='bbox 1839 3861 1936 3936; x_wconf 91' lang='lat' dir='ltr'>Quam</span> <span class='ocrx_word' id='word_1_498' title='bbox 1958 3866 2109 3926; x_wconf 86' lang='lat' dir='ltr'>sanitatem</span> <span class='ocrx_word' id='word_1_499' title='bbox 2129 3869 2239 3928; x_wconf 89' lang='lat' dir='ltr'>morbis</span> <span class='ocrx_word' id='word_1_500' title='bbox 2258 3888 2304 3928; x_wconf 85' lang='lat' dir='ltr'>re·</span> 
     </span>
     <span class='ocr_line' id='line_1_74' title="bbox 1411 3953 2304 4042; baseline 0.012 -30"><span class='ocrx_word' id='word_1_501' title='bbox 1411 3954 1500 4012; x_wconf 93' lang='lat' dir='ltr'>stituit</span> <span class='ocrx_word' id='word_1_502' title='bbox 1534 3953 1700 4024; x_wconf 90' lang='lat' dir='ltr'>multomm,</span> <span class='ocrx_word' id='word_1_503' title='bbox 1730 3973 1874 4036; x_wconf 91' lang='lat' dir='ltr'>suumque</span> <span class='ocrx_word' id='word_1_504' title='bbox 1905 3959 1990 4020; x_wconf 91' lang='lat' dir='ltr'>nobis</span> <span class='ocrx_word' id='word_1_505' title='bbox 2024 3961 2153 4022; x_wconf 92' lang='lat' dir='ltr'>mirabile</span> <span class='ocrx_word' id='word_1_506' title='bbox 2183 3965 2304 4042; x_wconf 89' lang='lat' dir='ltr'>reliquid</span> 
     </span>
     <span class='ocr_line' id='line_1_75' title="bbox 1410 4047 2304 4133; baseline 0.015 -28"><span class='ocrx_word' id='word_1_507' title='bbox 1410 4047 1586 4126; x_wconf 84' lang='lat' dir='ltr'>exemplum.</span> <span class='ocrx_word' id='word_1_508' title='bbox 1628 4048 1700 4109; x_wconf 94' lang='lat' dir='ltr'>Ideo</span> <span class='ocrx_word' id='word_1_509' title='bbox 1727 4051 1814 4110; x_wconf 90' lang='lat' dir='ltr'>etiam</span> <span class='ocrx_word' id='word_1_510' title='bbox 1842 4051 1873 4110; x_wconf 92' lang='lat' dir='ltr'>in</span> <span class='ocrx_word' id='word_1_511' title='bbox 1900 4053 1949 4112; x_wconf 94' lang='lat' dir='ltr'>illo</span> <span class='ocrx_word' id='word_1_512' title='bbox 1977 4055 2102 4131; x_wconf 89' lang='lat' dir='ltr'>speciale</span> <span class='ocrx_word' id='word_1_513' title='bbox 2125 4059 2225 4133; x_wconf 88' lang='lat' dir='ltr'>gratiae</span> <span class='ocrx_word' id='word_1_514' title='bbox 2247 4069 2304 4119; x_wconf 78' lang='lat' dir='ltr'>tuae</span> 
     </span>
     <span class='ocr_line' id='line_1_76' title="bbox 1410 4143 2304 4228; baseline 0.015 -29"><span class='ocrx_word' id='word_1_515' title='bbox 1410 4159 1517 4202; x_wconf 90' lang='lat' dir='ltr'>munus</span> <span class='ocrx_word' id='word_1_516' title='bbox 1538 4143 1735 4218; x_wconf 85' lang='lat' dir='ltr'>agnoscimus,</span> <span class='ocrx_word' id='word_1_517' title='bbox 1750 4143 1800 4220; x_wconf 94' lang='lat' dir='ltr'>qui</span> <span class='ocrx_word' id='word_1_518' title='bbox 1821 4145 1972 4222; x_wconf 90' lang='lat' dir='ltr'>apostolici</span> <span class='ocrx_word' id='word_1_519' title='bbox 1993 4149 2178 4226; x_wconf 89' lang='lat' dir='ltr'>pontificatus</span> <span class='ocrx_word' id='word_1_520' title='bbox 2199 4151 2304 4228; x_wconf 90' lang='lat' dir='ltr'>dignus</span> 
     </span>
     <span class='ocr_line' id='line_1_77' title="bbox 1411 4235 2306 4316; baseline 0.011 -22"><span class='ocrx_word' id='word_1_521' title='bbox 1411 4235 1441 4294; x_wconf 88' lang='lat' dir='ltr'>in</span> <span class='ocrx_word' id='word_1_522' title='bbox 1463 4253 1516 4295; x_wconf 91' lang='lat' dir='ltr'>sua</span> <span class='ocrx_word' id='word_1_523' title='bbox 1536 4245 1621 4294; x_wconf 84' lang='lat' dir='ltr'>aetate</span> <span class='ocrx_word' id='word_1_524' title='bbox 1642 4255 1800 4311; x_wconf 90' lang='lat' dir='ltr'>successor,</span> <span class='ocrx_word' id='word_1_525' title='bbox 1815 4249 1843 4298; x_wconf 91' lang='lat' dir='ltr'>et</span> <span class='ocrx_word' id='word_1_526' title='bbox 1857 4239 1887 4298; x_wconf 90' lang='lat' dir='ltr'>in</span> <span class='ocrx_word' id='word_1_527' title='bbox 1901 4249 1967 4299; x_wconf 90' lang='lat' dir='ltr'>actu</span> <span class='ocrx_word' id='word_1_528' title='bbox 1982 4243 2108 4302; x_wconf 90' lang='lat' dir='ltr'>imitator</span> <span class='ocrx_word' id='word_1_529' title='bbox 2121 4246 2220 4316; x_wconf 87' lang='lat' dir='ltr'>extitit,</span> <span class='ocrx_word' id='word_1_530' title='bbox 2235 4245 2306 4304; x_wconf 88' lang='lat' dir='ltr'>fide-</span> 
     </span>
     <span class='ocr_line' id='line_1_78' title="bbox 1411 4329 2306 4416; baseline 0.015 -29"><span class='ocrx_word' id='word_1_531' title='bbox 1411 4329 1537 4389; x_wconf 89' lang='lat' dir='ltr'>lissimus</span> <span class='ocrx_word' id='word_1_532' title='bbox 1558 4329 1738 4405; x_wconf 88' lang='lat' dir='ltr'>dispensator</span> <span class='ocrx_word' id='word_1_533' title='bbox 1758 4331 1913 4405; x_wconf 75' lang='lat' dir='ltr'>acclesiae3</span> <span class='ocrx_word' id='word_1_534' title='bbox 1944 4345 1973 4394; x_wconf 94' lang='lat' dir='ltr'>et</span> <span class='ocrx_word' id='word_1_535' title='bbox 1993 4336 2149 4413; x_wconf 88' lang='lat' dir='ltr'>alumpnus</span> <span class='ocrx_word' id='word_1_536' title='bbox 2169 4353 2306 4416; x_wconf 88' lang='lat' dir='ltr'>acceptus</span> 
     </span>
     <span class='ocr_line' id='line_1_79' title="bbox 1411 4423 2262 4507; baseline 0.009 -25"><span class='ocrx_word' id='word_1_537' title='bbox 1411 4423 1550 4484; x_wconf 88' lang='lat' dir='ltr'>sacerdos</span> <span class='ocrx_word' id='word_1_538' title='bbox 1564 4423 1673 4484; x_wconf 86' lang='lat' dir='ltr'>refulsit</span> <span class='ocrx_word' id='word_1_539' title='bbox 1687 4427 1821 4503; x_wconf 89' lang='lat' dir='ltr'>egregius</span> <span class='ocrx_word' id='word_1_540' title='bbox 1835 4438 1864 4487; x_wconf 91' lang='lat' dir='ltr'>et</span> <span class='ocrx_word' id='word_1_541' title='bbox 1876 4429 2007 4507; x_wconf 90' lang='lat' dir='ltr'>insignis.</span> <span class='ocrx_word' id='word_1_542' title='bbox 2051 4431 2106 4492; x_wconf 89' lang='lat' dir='ltr'>Per</span> <span class='ocrx_word' id='word_1_543' title='bbox 2119 4431 2262 4493; x_wconf 87' lang='lat' dir='ltr'>christum.</span> 
     </span>
    </p>
   </div>
   <div class='ocr_carea' id='block_1_22' title="bbox 1516 4555 2205 4778">
    <p class='ocr_par' dir='ltr' id='par_1_24' title="bbox 1516 4555 2205 4778">
     <span class='ocr_line' id='line_1_80' title="bbox 1516 4555 2205 4629; baseline 0.015 -25"><span class='ocrx_word' id='word_1_544' title='bbox 1516 4555 1632 4604; x_wconf 77' lang='lat' dir='ltr'>Postcom.</span> <span class='ocrx_word' id='word_1_545' title='bbox 1645 4570 1673 4605; x_wconf 84' lang='lat' dir='ltr'>as</span> <span class='ocrx_word' id='word_1_546' title='bbox 1684 4555 1710 4605; x_wconf 89' lang='lat' dir='ltr'>iu</span> <span class='ocrx_word' id='word_1_547' title='bbox 1721 4555 1814 4622; x_wconf 86' lang='lat' dir='ltr'>Sidney</span> <span class='ocrx_word' id='word_1_548' title='bbox 1824 4557 1915 4610; x_wconf 82' lang='lat' dir='ltr'>sussex</span> <span class='ocrx_word' id='word_1_549' title='bbox 1927 4558 1982 4612; x_wconf 87' lang='lat' dir='ltr'>MS.</span> <span class='ocrx_word' id='word_1_550' title='bbox 1995 4567 2019 4610; x_wconf 87' lang='grc' dir='ltr'><strong>Δ</strong></span> <span class='ocrx_word' id='word_1_551' title='bbox 2028 4573 2050 4625; x_wconf 84' lang='lat'>5.</span> <span class='ocrx_word' id='word_1_552' title='bbox 2065 4576 2103 4627; x_wconf 73' lang='lat'>15.</span> <span class='ocrx_word' id='word_1_553' title='bbox 2114 4578 2138 4629; x_wconf 91' lang='lat' dir='ltr'>p.</span> <span class='ocrx_word' id='word_1_554' title='bbox 2149 4576 2205 4627; x_wconf 71' lang='lat' dir='ltr'>gor.</span> 
     </span>
     <span class='ocr_line' id='line_1_81' title="bbox 1752 4701 1962 4778; baseline 0.024 -19"><span class='ocrx_word' id='word_1_555' title='bbox 1752 4701 1805 4760; x_wconf 76' lang='lat' dir='ltr'>Ad</span> <span class='ocrx_word' id='word_1_556' title='bbox 1814 4713 1962 4778; x_wconf 66' lang='lat' dir='ltr'>mapsam.</span> 
     </span>
    </p>
   </div>
   <div class='ocr_carea' id='block_1_23' title="bbox 1411 4816 2307 5360">
    <p class='ocr_par' dir='ltr' id='par_1_25' title="bbox 1411 4816 2307 5177">
     <span class='ocr_line' id='line_1_82' title="bbox 1452 4816 2306 4906; baseline 0.015 -31"><span class='ocrx_word' id='word_1_557' title='bbox 1452 4816 1542 4888; x_wconf 89' lang='lat' dir='ltr'>Deus,</span> <span class='ocrx_word' id='word_1_558' title='bbox 1556 4819 1607 4894; x_wconf 93' lang='lat' dir='ltr'>qui</span> <span class='ocrx_word' id='word_1_559' title='bbox 1621 4830 1789 4878; x_wconf 91' lang='lat' dir='ltr'>sanctorum</span> <span class='ocrx_word' id='word_1_560' title='bbox 1802 4832 1918 4882; x_wconf 87' lang='lat' dir='ltr'>tuorum</span> <span class='ocrx_word' id='word_1_561' title='bbox 1932 4824 2053 4884; x_wconf 88' lang='lat' dir='ltr'>libenter</span> <span class='ocrx_word' id='word_1_562' title='bbox 2067 4827 2189 4906; x_wconf 91' lang='lat' dir='ltr'>suscipis</span> <span class='ocrx_word' id='word_1_563' title='bbox 2202 4828 2306 4888; x_wconf 91' lang='lat' dir='ltr'>uolun-</span> 
     </span>
     <span class='ocr_line' id='line_1_83' title="bbox 1412 4911 2305 4994; baseline 0.016 -25"><span class='ocrx_word' id='word_1_564' title='bbox 1412 4919 1494 4982; x_wconf 89' lang='lat' dir='ltr'>tates,</span> <span class='ocrx_word' id='word_1_565' title='bbox 1514 4911 1713 4972; x_wconf 88' lang='lat' dir='ltr'>intercedente</span> <span class='ocrx_word' id='word_1_566' title='bbox 1740 4913 1827 4976; x_wconf 91' lang='lat' dir='ltr'>beato</span> <span class='ocrx_word' id='word_1_567' title='bbox 1855 4917 2036 4991; x_wconf 87' lang='lat' dir='ltr'>eathberhto,</span> <span class='ocrx_word' id='word_1_568' title='bbox 2057 4918 2195 4980; x_wconf 88' lang='lat' dir='ltr'>familiam</span> <span class='ocrx_word' id='word_1_569' title='bbox 2215 4933 2305 4994; x_wconf 89' lang='lat' dir='ltr'>tuam,</span> 
     </span>
     <span class='ocr_line' id='line_1_84' title="bbox 1412 5005 2307 5094; baseline 0.018 -33"><span class='ocrx_word' id='word_1_570' title='bbox 1412 5021 1579 5080; x_wconf 89' lang='lat' dir='ltr'>quesumus,</span> <span class='ocrx_word' id='word_1_571' title='bbox 1594 5005 1723 5080; x_wconf 87' lang='lat' dir='ltr'>domine,</span> <span class='ocrx_word' id='word_1_572' title='bbox 1737 5008 1931 5072; x_wconf 87' lang='lat' dir='ltr'>miserationis</span> <span class='ocrx_word' id='word_1_573' title='bbox 1944 5021 2001 5072; x_wconf 88' lang='lat' dir='ltr'>tuae</span> <span class='ocrx_word' id='word_1_574' title='bbox 2015 5011 2134 5074; x_wconf 83' lang='lat' dir='ltr'>dextera</span> <span class='ocrx_word' id='word_1_575' title='bbox 2147 5032 2263 5094; x_wconf 88' lang='lat' dir='ltr'>semper</span> <span class='ocrx_word' id='word_1_576' title='bbox 2276 5026 2307 5076; x_wconf 91' lang='lat' dir='ltr'>et</span> 
     </span>
     <span class='ocr_line' id='line_1_85' title="bbox 1411 5097 2082 5177; baseline 0.018 -22"><span class='ocrx_word' id='word_1_577' title='bbox 1411 5097 1518 5174; x_wconf 93' lang='lat' dir='ltr'>ubique</span> <span class='ocrx_word' id='word_1_578' title='bbox 1532 5109 1663 5177; x_wconf 91' lang='lat' dir='ltr'>protege.</span> <span class='ocrx_word' id='word_1_579' title='bbox 1704 5101 1760 5161; x_wconf 90' lang='lat' dir='ltr'>Per</span> <span class='ocrx_word' id='word_1_580' title='bbox 1774 5103 1927 5164; x_wconf 89' lang='lat' dir='ltr'>dominum</span> <span class='ocrx_word' id='word_1_581' title='bbox 1941 5117 2082 5167; x_wconf 83' lang='lat' dir='ltr'>nostrum</span> 
     </span>
    </p>

    <p class='ocr_par' dir='ltr' id='par_1_26' title="bbox 1411 5189 2305 5360">
     <span class='ocr_line' id='line_1_86' title="bbox 1452 5189 2305 5277; baseline 0.018 -28"><span class='ocrx_word' id='word_1_582' title='bbox 1452 5189 1629 5264; x_wconf 89' lang='lat' dir='ltr'>Quesumus,</span> <span class='ocrx_word' id='word_1_583' title='bbox 1644 5195 1830 5273; x_wconf 90' lang='lat' dir='ltr'>omnipotens</span> <span class='ocrx_word' id='word_1_584' title='bbox 1851 5197 1932 5270; x_wconf 92' lang='lat' dir='ltr'>deus,</span> <span class='ocrx_word' id='word_1_585' title='bbox 1946 5209 1977 5260; x_wconf 92' lang='lat' dir='ltr'>ut</span> <span class='ocrx_word' id='word_1_586' title='bbox 1998 5201 2081 5277; x_wconf 88' lang='lat' dir='ltr'>plebs</span> <span class='ocrx_word' id='word_1_587' title='bbox 2102 5213 2151 5262; x_wconf 89' lang='lat' dir='ltr'>tua</span> <span class='ocrx_word' id='word_1_588' title='bbox 2171 5214 2234 5264; x_wconf 90' lang='lat' dir='ltr'>toto</span> <span class='ocrx_word' id='word_1_589' title='bbox 2255 5206 2305 5264; x_wconf 91' lang='lat' dir='ltr'>tibi</span> 
     </span>
     <span class='ocr_line' id='line_1_87' title="bbox 1411 5285 2305 5360; baseline 0.016 -16"><span class='ocrx_word' id='word_1_590' title='bbox 1411 5285 1499 5344; x_wconf 88' lang='lat' dir='ltr'>corde</span> <span class='ocrx_word' id='word_1_591' title='bbox 1528 5285 1704 5360; x_wconf 81' lang='lat' dir='ltr'>desendens,</span> <span class='ocrx_word' id='word_1_592' title='bbox 1732 5290 1820 5350; x_wconf 88' lang='lat' dir='ltr'>beato</span> <span class='ocrx_word' id='word_1_593' title='bbox 1849 5291 2021 5354; x_wconf 89' lang='lat' dir='ltr'>cuthberbto</span> <span class='ocrx_word' id='word_1_594' title='bbox 2055 5296 2223 5358; x_wconf 84' lang='lat' dir='ltr'>consessore</span> <span class='ocrx_word' id='word_1_595' title='bbox 2251 5311 2305 5358; x_wconf 90' lang='lat' dir='ltr'>tuo</span> 
     </span>
    </p>
   </div>
   <div class='ocr_carea' id='block_1_24' title="bbox 1410 5381 2305 5468">
    <p class='ocr_par' dir='ltr' id='par_1_27' title="bbox 1410 5381 2305 5468">
     <span class='ocr_line' id='line_1_88' title="bbox 1410 5381 2305 5468; baseline 0.019 -32"><span class='ocrx_word' id='word_1_596' title='bbox 1410 5388 1498 5456; x_wconf 90' lang='lat' dir='ltr'>atque</span> <span class='ocrx_word' id='word_1_597' title='bbox 1518 5381 1657 5458; x_wconf 88' lang='lat' dir='ltr'>pontifice</span> <span class='ocrx_word' id='word_1_598' title='bbox 1678 5383 1894 5456; x_wconf 90' lang='lat' dir='ltr'>interueniente,</span> <span class='ocrx_word' id='word_1_599' title='bbox 1910 5398 1938 5446; x_wconf 93' lang='lat' dir='ltr'>et</span> <span class='ocrx_word' id='word_1_600' title='bbox 1959 5388 2099 5450; x_wconf 86' lang='lat' dir='ltr'>beneficia</span> <span class='ocrx_word' id='word_1_601' title='bbox 2118 5392 2222 5468; x_wconf 87' lang='lat' dir='ltr'>iugiter</span> <span class='ocrx_word' id='word_1_602' title='bbox 2242 5411 2305 5452; x_wconf 88' lang='lat' dir='ltr'>me·</span> 
     </span>
    </p>
   </div>
   <div class='ocr_carea' id='block_1_25' title="bbox 1410 5467 2305 5610">
    <p class='ocr_par' dir='ltr' id='par_1_28' title="bbox 1410 5467 2305 5610">
     <span class='ocr_line' id='line_1_89' title="bbox 1410 5467 1798 5552; baseline 0.018 -21"><span class='ocrx_word' id='word_1_603' title='bbox 1410 5489 1523 5533; x_wconf 88' lang='lat' dir='ltr'>reamur</span> <span class='ocrx_word' id='word_1_604' title='bbox 1537 5483 1566 5534; x_wconf 92' lang='lat' dir='ltr'>et</span> <span class='ocrx_word' id='word_1_605' title='bbox 1580 5467 1692 5552; x_wconf 90' lang='lat' dir='ltr'>pacem.</span> <span class='ocrx_word' id='word_1_606' title='bbox 1735 5477 1798 5538; x_wconf 89' lang='lat' dir='ltr'>Per.</span> 
     </span>
     <span class='ocr_line' id='line_1_90' title="bbox 1413 5582 2305 5610; baseline 0.007 -6"><span class='ocrx_word' id='word_1_607' title='bbox 1413 5582 2305 5610; x_wconf 62' lang='lat'>—-—-—-—-—--—.—-.</span> 
     </span>
    </p>
   </div>
   <div class='ocr_carea' id='block_1_26' title="bbox 1768 5624 1944 5692">
    <p class='ocr_par' dir='ltr' id='par_1_29' title="bbox 1768 5624 1944 5692">
     <span class='ocr_line' id='line_1_91' title="bbox 1768 5624 1944 5692; baseline 0.028 -18"><span class='ocrx_word' id='word_1_608' title='bbox 1768 5624 1944 5692; x_wconf 81' lang='lat' dir='ltr'>¹F0t119a</span> 
     </span>
    </p>
   </div>
   <div class='ocr_carea' id='block_1_27' title="bbox 0 0 2567 6608">
    <p class='ocr_par' dir='ltr' id='par_1_30' title="bbox 0 0 2567 6608">
     <span class='ocr_line' id='line_1_92' title="bbox 0 0 2567 6608; baseline 0 0"><span class='ocrx_word' id='word_1_609' title='bbox 0 0 2567 6608; x_wconf 95' lang='lat' dir='ltr'> </span> 
     </span>
    </p>
   </div>
  </div>
 </body>
</html>
