<?xml version="1.0" encoding="UTF-8"?>
<!DOCTYPE html PUBLIC "-//W3C//DTD XHTML 1.0 Transitional//EN"
    "http://www.w3.org/TR/xhtml1/DTD/xhtml1-transitional.dtd">
<html xmlns="http://www.w3.org/1999/xhtml" xml:lang="en" lang="en">
 <head>
  <title>
</title>
<meta http-equiv="Content-Type" content="text/html;charset=utf-8" />
  <meta name='ocr-system' content='tesseract 3.04.00' />
  <meta name='ocr-capabilities' content='ocr_page ocr_carea ocr_par ocr_line ocrx_word'/>
</head>
<body>
  <div class='ocr_page' id='page_1' title='image "./leofricmissalas00cathgoog/leofricmissalas00cathgoog_0243.png"; bbox 0 0 5122 6610; ppageno 0'>
   <div class='ocr_carea' id='block_1_1' title="bbox 429 539 1992 650">
    <p class='ocr_par' dir='ltr' id='par_1_1' title="bbox 429 539 1992 650">
     <span class='ocr_line' id='line_1_1' title="bbox 429 539 1992 650; baseline -0.015 -13"><span class='ocrx_word' id='word_1_1' title='bbox 429 564 499 638; x_wconf 88' lang='lat'>168</span> <span class='ocrx_word' id='word_1_2' title='bbox 611 558 697 649; x_wconf 56' lang='grc' dir='ltr'>ᾗῇ.</span> <span class='ocrx_word' id='word_1_3' title='bbox 717 557 933 650; x_wconf 67' lang='lat' dir='ltr'>dimergunt,</span> <span class='ocrx_word' id='word_1_4' title='bbox 952 553 1135 642; x_wconf 56' lang='lat' dir='ltr'>§sumini</span> <span class='ocrx_word' id='word_1_5' title='bbox 1651 539 1758 635; x_wconf 62' lang='lat' dir='ltr'>isitii.</span> <span class='ocrx_word' id='word_1_6' title='bbox 1777 540 1827 627; x_wconf 58' lang='grc' dir='ltr'>ᾖ.</span> <span class='ocrx_word' id='word_1_7' title='bbox 1844 541 1992 619; x_wconf 52' lang='lat' dir='ltr'>ssuttra.</span> 
     </span>
    </p>
   </div>
   <div class='ocr_carea' id='block_1_2' title="bbox 805 742 2277 830">
    <p class='ocr_par' dir='ltr' id='par_1_2' title="bbox 805 742 2277 830">
     <span class='ocr_line' id='line_1_2' title="bbox 805 742 2277 830; baseline -0.011 -6"><span class='ocrx_word' id='word_1_8' title='bbox 805 758 945 824; x_wconf 79' lang='lat' dir='ltr'>Secreta.</span> <span class='ocrx_word' id='word_1_9' title='bbox 1376 745 1568 830; x_wconf 75' lang='lat' dir='ltr'>tercedente</span> <span class='ocrx_word' id='word_1_10' title='bbox 1602 743 1703 810; x_wconf 90' lang='lat' dir='ltr'>beato</span> <span class='ocrx_word' id='word_1_11' title='bbox 1735 742 1905 809; x_wconf 92' lang='lat' dir='ltr'>saturnino</span> <span class='ocrx_word' id='word_1_12' title='bbox 1936 751 2082 827; x_wconf 86' lang='lat' dir='ltr'><strong>martyre</strong></span> <span class='ocrx_word' id='word_1_13' title='bbox 2119 751 2187 824; x_wconf 89' lang='lat' dir='ltr'>tuo,</span> <span class='ocrx_word' id='word_1_14' title='bbox 2217 762 2277 828; x_wconf 91' lang='lat' dir='ltr'>per</span> 
     </span>
    </p>
   </div>
   <div class='ocr_carea' id='block_1_3' title="bbox 469 841 2063 973">
    <p class='ocr_par' dir='ltr' id='par_1_3' title="bbox 469 841 2063 973">
     <span class='ocr_line' id='line_1_3' title="bbox 469 841 2063 973; baseline -0.012 -18"><span class='ocrx_word' id='word_1_15' title='bbox 469 889 560 955; x_wconf 89' lang='lat' dir='ltr'>Vota</span> <span class='ocrx_word' id='word_1_16' title='bbox 574 887 688 973; x_wconf 91' lang='lat' dir='ltr'>populi</span> <span class='ocrx_word' id='word_1_17' title='bbox 701 887 749 952; x_wconf 92' lang='lat' dir='ltr'>tui</span> <span class='ocrx_word' id='word_1_18' title='bbox 765 886 961 970; x_wconf 86' lang='lat' dir='ltr'>propitiatus</span> <span class='ocrx_word' id='word_1_19' title='bbox 977 883 1123 957; x_wconf 88' lang='lat' dir='ltr'>intende,</span> <span class='ocrx_word' id='word_1_20' title='bbox 1135 889 1169 946; x_wconf 92' lang='lat' dir='ltr'>et</span> <span class='ocrx_word' id='word_1_21' title='bbox 1185 896 1325 964; x_wconf 86' lang='lat' dir='ltr'>quorum</span> <span class='ocrx_word' id='word_1_22' title='bbox 1378 849 1495 914; x_wconf 65' lang='lat' dir='ltr'>eadem</span> <span class='ocrx_word' id='word_1_23' title='bbox 1511 867 1571 912; x_wconf 75' lang='lat'>¹¹0⁸</span> <span class='ocrx_word' id='word_1_24' title='bbox 1586 844 1737 930; x_wconf 60' lang='lat' dir='ltr'>placatus</span> <span class='ocrx_word' id='word_1_25' title='bbox 1751 844 1911 910; x_wconf 48' lang='lat' dir='ltr'>intimi</span> <span class='ocrx_word' id='word_1_26' title='bbox 1969 843 2032 908; x_wconf 63' lang='lat' dir='ltr'>Per</span> <span class='ocrx_word' id='word_1_27' title='bbox 2040 841 2063 908; x_wconf 77' lang='lat'>¹·</span> 
     </span>
    </p>
   </div>
   <div class='ocr_carea' id='block_1_4' title="bbox 427 978 1327 1070">
    <p class='ocr_par' dir='ltr' id='par_1_4' title="bbox 427 978 1327 1070">
     <span class='ocr_line' id='line_1_4' title="bbox 427 978 1327 1070; baseline -0.014 -16"><span class='ocrx_word' id='word_1_28' title='bbox 427 1009 488 1054; x_wconf 89' lang='lat' dir='ltr'>nos</span> <span class='ocrx_word' id='word_1_29' title='bbox 518 989 635 1054; x_wconf 83' lang='lat' dir='ltr'>tribuis</span> <span class='ocrx_word' id='word_1_30' title='bbox 667 986 866 1070; x_wconf 86' lang='lat' dir='ltr'>sollempnia</span> <span class='ocrx_word' id='word_1_31' title='bbox 901 983 1065 1052; x_wconf 90' lang='lat' dir='ltr'>celebrare</span> <span class='ocrx_word' id='word_1_32' title='bbox 1094 982 1146 1046; x_wconf 86' lang='lat' dir='ltr'>iac</span> <span class='ocrx_word' id='word_1_33' title='bbox 1182 978 1327 1064; x_wconf 84' lang='lat' dir='ltr'>gaudere</span> 
     </span>
    </p>
   </div>
   <div class='ocr_carea' id='block_1_5' title="bbox 427 1032 1977 1174">
    <p class='ocr_par' dir='ltr' id='par_1_5' title="bbox 427 1032 1977 1174">
     <span class='ocr_line' id='line_1_5' title="bbox 427 1032 1977 1174; baseline -0.031 -27"><span class='ocrx_word' id='word_1_34' title='bbox 427 1089 614 1174; x_wconf 68' lang='lat' dir='ltr'>suffragiisy</span> <span class='ocrx_word' id='word_1_35' title='bbox 671 1088 734 1153; x_wconf 64' lang='lat' dir='ltr'>per</span> <span class='ocrx_word' id='word_1_36' title='bbox 742 1086 764 1153; x_wconf 64' lang='lat'>1,</span> <span class='ocrx_word' id='word_1_37' title='bbox 1672 1032 1734 1099; x_wconf 79' lang='lat' dir='ltr'>Ad</span> <span class='ocrx_word' id='word_1_38' title='bbox 1750 1032 1977 1117; x_wconf 73' lang='lat' dir='ltr'>complendum.</span> 
     </span>
    </p>
   </div>
   <div class='ocr_carea' id='block_1_6' title="bbox 723 1159 2279 1345">
    <p class='ocr_par' dir='ltr' id='par_1_6' title="bbox 723 1159 2279 1345">
     <span class='ocr_line' id='line_1_6' title="bbox 1422 1159 2279 1244; baseline -0.006 -15"><span class='ocrx_word' id='word_1_39' title='bbox 1422 1161 1614 1229; x_wconf 89' lang='lat' dir='ltr'>Sanctificet</span> <span class='ocrx_word' id='word_1_40' title='bbox 1643 1181 1712 1236; x_wconf 85' lang='lat' dir='ltr'>nos,</span> <span class='ocrx_word' id='word_1_41' title='bbox 1743 1160 1887 1237; x_wconf 90' lang='lat' dir='ltr'>domine,</span> <span class='ocrx_word' id='word_1_42' title='bbox 1913 1179 2099 1244; x_wconf 89' lang='lat' dir='ltr'>quesumus,</span> <span class='ocrx_word' id='word_1_43' title='bbox 2126 1159 2174 1225; x_wconf 90' lang='lat' dir='ltr'>tui</span> <span class='ocrx_word' id='word_1_44' title='bbox 2204 1181 2279 1244; x_wconf 89' lang='lat' dir='ltr'>per·</span> 
     </span>
     <span class='ocr_line' id='line_1_7' title="bbox 723 1245 2277 1345; baseline -0.002 -12"><span class='ocrx_word' id='word_1_45' title='bbox 723 1247 785 1315; x_wconf 70' lang='lat' dir='ltr'>Ad</span> <span class='ocrx_word' id='word_1_46' title='bbox 802 1245 1030 1332; x_wconf 57' lang='lat' dir='ltr'>implendum·</span> <span class='ocrx_word' id='word_1_47' title='bbox 1379 1263 1489 1345; x_wconf 89' lang='lat' dir='ltr'>ceptio</span> <span class='ocrx_word' id='word_1_48' title='bbox 1516 1261 1721 1340; x_wconf 86' lang='lat' dir='ltr'>sacramenti,</span> <span class='ocrx_word' id='word_1_49' title='bbox 1751 1270 1785 1327; x_wconf 91' lang='lat' dir='ltr'>et</span> <span class='ocrx_word' id='word_1_50' title='bbox 1821 1261 2053 1327; x_wconf 83' lang='lat' dir='ltr'>intercessione</span> <span class='ocrx_word' id='word_1_51' title='bbox 2089 1271 2277 1330; x_wconf 89' lang='lat' dir='ltr'>sanctorum</span> 
     </span>
    </p>
   </div>
   <div class='ocr_carea' id='block_1_7' title="bbox 473 1361 1879 1460">
    <p class='ocr_par' dir='ltr' id='par_1_7' title="bbox 473 1361 1879 1460">
     <span class='ocr_line' id='line_1_8' title="bbox 473 1361 1879 1460; baseline -0.015 -16"><span class='ocrx_word' id='word_1_52' title='bbox 473 1375 647 1460; x_wconf 90' lang='lat' dir='ltr'>Supplices</span> <span class='ocrx_word' id='word_1_53' title='bbox 677 1384 711 1440; x_wconf 90' lang='lat' dir='ltr'>te</span> <span class='ocrx_word' id='word_1_54' title='bbox 740 1395 903 1458; x_wconf 88' lang='lat' dir='ltr'>rogamus,</span> <span class='ocrx_word' id='word_1_55' title='bbox 932 1373 1142 1456; x_wconf 90' lang='lat' dir='ltr'>omnipotens</span> <span class='ocrx_word' id='word_1_56' title='bbox 1170 1371 1262 1448; x_wconf 90' lang='lat' dir='ltr'>deus,</span> <span class='ocrx_word' id='word_1_57' title='bbox 1291 1374 1329 1433; x_wconf 92' lang='lat' dir='ltr'>ut</span> <span class='ocrx_word' id='word_1_58' title='bbox 1379 1363 1440 1428; x_wconf 88' lang='lat' dir='ltr'>tibi</span> <span class='ocrx_word' id='word_1_59' title='bbox 1455 1363 1572 1428; x_wconf 87' lang='lat' dir='ltr'>reddat</span> <span class='ocrx_word' id='word_1_60' title='bbox 1587 1369 1750 1445; x_wconf 82' lang='lat' dir='ltr'>acceptos</span> <span class='ocrx_word' id='word_1_61' title='bbox 1795 1361 1879 1426; x_wconf 72' lang='lat' dir='ltr'>Per.t</span> 
     </span>
    </p>
   </div>
   <div class='ocr_carea' id='block_1_8' title="bbox 430 1470 1330 1558">
    <p class='ocr_par' dir='ltr' id='par_1_8' title="bbox 430 1470 1330 1558">
     <span class='ocr_line' id='line_1_9' title="bbox 430 1470 1330 1558; baseline -0.01 -16"><span class='ocrx_word' id='word_1_62' title='bbox 430 1476 723 1558; x_wconf 82' lang='lat' dir='ltr'>intemenientibus</span> <span class='ocrx_word' id='word_1_63' title='bbox 741 1475 864 1538; x_wconf 88' lang='lat' dir='ltr'>sanctis</span> <span class='ocrx_word' id='word_1_64' title='bbox 878 1473 944 1537; x_wconf 91' lang='lat' dir='ltr'>tuis</span> <span class='ocrx_word' id='word_1_65' title='bbox 959 1481 993 1537; x_wconf 91' lang='lat' dir='ltr'>et</span> <span class='ocrx_word' id='word_1_66' title='bbox 1009 1481 1068 1537; x_wconf 91' lang='lat' dir='ltr'>tua</span> <span class='ocrx_word' id='word_1_67' title='bbox 1082 1473 1115 1536; x_wconf 91' lang='lat' dir='ltr'>in</span> <span class='ocrx_word' id='word_1_68' title='bbox 1131 1470 1226 1536; x_wconf 91' lang='lat' dir='ltr'>nobis</span> <span class='ocrx_word' id='word_1_69' title='bbox 1241 1470 1330 1534; x_wconf 92' lang='lat' dir='ltr'>dona</span> 
     </span>
    </p>
   </div>
   <div class='ocr_carea' id='block_1_9' title="bbox 430 1571 2203 1745">
    <p class='ocr_par' dir='ltr' id='par_1_9' title="bbox 430 1571 2203 1745">
     <span class='ocr_line' id='line_1_10' title="bbox 430 1571 1296 1662; baseline -0.007 -22"><span class='ocrx_word' id='word_1_70' title='bbox 430 1575 640 1662; x_wconf 86' lang='lat' dir='ltr'>multiplices,</span> <span class='ocrx_word' id='word_1_71' title='bbox 655 1584 689 1640; x_wconf 91' lang='lat' dir='ltr'>et</span> <span class='ocrx_word' id='word_1_72' title='bbox 704 1583 857 1658; x_wconf 90' lang='lat' dir='ltr'>tempora</span> <span class='ocrx_word' id='word_1_73' title='bbox 871 1581 984 1638; x_wconf 89' lang='lat' dir='ltr'>nostra</span> <span class='ocrx_word' id='word_1_74' title='bbox 998 1573 1164 1656; x_wconf 88' lang='lat' dir='ltr'>disponas.</span> <span class='ocrx_word' id='word_1_75' title='bbox 1209 1571 1296 1635; x_wconf 71' lang='lat' dir='ltr'>Pers</span> 
     </span>
     <span class='ocr_line' id='line_1_11' title="bbox 1461 1656 2203 1745; baseline 0.009 -21"><span class='ocrx_word' id='word_1_76' title='bbox 1461 1656 1642 1724; x_wconf 62' lang='lat' dir='ltr'>&amp;stimula</span> <span class='ocrx_word' id='word_1_77' title='bbox 1683 1657 1805 1738; x_wconf 67' lang='lat' dir='ltr'>urstis</span> <span class='ocrx_word' id='word_1_78' title='bbox 1818 1659 1912 1726; x_wconf 69' lang='lat' dir='ltr'>sarsi</span> <span class='ocrx_word' id='word_1_79' title='bbox 1925 1663 2035 1725; x_wconf 78' lang='lat' dir='ltr'>untrre</span> <span class='ocrx_word' id='word_1_80' title='bbox 2048 1665 2203 1745; x_wconf 51' lang='lat' dir='ltr'>apostati&amp;</span> 
     </span>
    </p>
   </div>
   <div class='ocr_carea' id='block_1_10' title="bbox 439 1784 2281 1877">
    <p class='ocr_par' dir='ltr' id='par_1_10' title="bbox 439 1784 2281 1877">
     <span class='ocr_line' id='line_1_12' title="bbox 439 1784 2281 1877; baseline 0.006 -20"><span class='ocrx_word' id='word_1_81' title='bbox 439 1789 552 1857; x_wconf 66' lang='lat' dir='ltr'>ulls.</span> <span class='ocrx_word' id='word_1_82' title='bbox 565 1788 627 1858; x_wconf 70' lang='lat' dir='ltr'>ital.</span> <span class='ocrx_word' id='word_1_83' title='bbox 638 1793 696 1856; x_wconf 76' lang='lat' dir='ltr'>btt.</span> <span class='ocrx_word' id='word_1_84' title='bbox 723 1784 836 1853; x_wconf 73' lang='lat' dir='ltr'>iiatulr</span> <span class='ocrx_word' id='word_1_85' title='bbox 850 1787 944 1853; x_wconf 67' lang='lat' dir='ltr'>tandi</span> <span class='ocrx_word' id='word_1_86' title='bbox 958 1785 1139 1865; x_wconf 61' lang='lat' dir='ltr'>seranus</span> <span class='ocrx_word' id='word_1_87' title='bbox 1152 1784 1290 1866; x_wconf 56' lang='lat' dir='ltr'>metistis</span> <span class='ocrx_word' id='word_1_88' title='bbox 1299 1787 1321 1848; x_wconf 78' lang='lat'>⁹·</span> <span class='ocrx_word' id='word_1_89' title='bbox 1426 1791 1624 1876; x_wconf 83' lang='lat' dir='ltr'>Quesumus,</span> <span class='ocrx_word' id='word_1_90' title='bbox 1637 1794 1847 1877; x_wconf 89' lang='lat' dir='ltr'>omnipotens</span> <span class='ocrx_word' id='word_1_91' title='bbox 1858 1795 1948 1874; x_wconf 91' lang='lat' dir='ltr'>deus,</span> <span class='ocrx_word' id='word_1_92' title='bbox 1960 1805 1998 1861; x_wconf 92' lang='lat' dir='ltr'>ut</span> <span class='ocrx_word' id='word_1_93' title='bbox 2009 1795 2127 1864; x_wconf 87' lang='lat' dir='ltr'>beatus</span> <span class='ocrx_word' id='word_1_94' title='bbox 2141 1801 2281 1868; x_wconf 84' lang='lat' dir='ltr'>andreas</span> 
     </span>
    </p>
   </div>
   <div class='ocr_carea' id='block_1_11' title="bbox 431 1894 2283 2108">
    <p class='ocr_par' dir='ltr' id='par_1_11' title="bbox 431 1894 2283 2108">
     <span class='ocr_line' id='line_1_13' title="bbox 473 1894 2281 2005; baseline 0.002 -43"><span class='ocrx_word' id='word_1_95' title='bbox 473 1923 617 2004; x_wconf 56' lang='lat' dir='ltr'><strong>Adesto,</strong></span> <span class='ocrx_word' id='word_1_96' title='bbox 643 1921 786 2001; x_wconf 55' lang='lat' dir='ltr'>domine,</span> <span class='ocrx_word' id='word_1_97' title='bbox 815 1919 1111 2005; x_wconf 61' lang='lat' dir='ltr'>supplicationibus</span> <span class='ocrx_word' id='word_1_98' title='bbox 1141 1918 1269 1997; x_wconf 53' lang='lat' dir='ltr'>nostris,</span> <span class='ocrx_word' id='word_1_99' title='bbox 1295 1923 1333 1982; x_wconf 68' lang='lat' dir='ltr'>ui</span> <span class='ocrx_word' id='word_1_100' title='bbox 1383 1894 1554 1976; x_wconf 90' lang='lat' dir='ltr'>apostolus</span> <span class='ocrx_word' id='word_1_101' title='bbox 1569 1904 1663 1959; x_wconf 91' lang='lat' dir='ltr'>tuum</span> <span class='ocrx_word' id='word_1_102' title='bbox 1679 1914 1738 1977; x_wconf 93' lang='lat' dir='ltr'>pro</span> <span class='ocrx_word' id='word_1_103' title='bbox 1750 1895 1845 1958; x_wconf 89' lang='lat' dir='ltr'>nobis</span> <span class='ocrx_word' id='word_1_104' title='bbox 1861 1894 2015 1978; x_wconf 89' lang='lat' dir='ltr'>imploret</span> <span class='ocrx_word' id='word_1_105' title='bbox 2029 1898 2200 1979; x_wconf 87' lang='lat' dir='ltr'>auxilium,</span> <span class='ocrx_word' id='word_1_106' title='bbox 2212 1911 2281 1966; x_wconf 90' lang='lat' dir='ltr'>uta</span> 
     </span>
     <span class='ocr_line' id='line_1_14' title="bbox 431 1992 2283 2108; baseline 0.003 -47"><span class='ocrx_word' id='word_1_107' title='bbox 431 2025 488 2108; x_wconf 86' lang='lat' dir='ltr'>qui</span> <span class='ocrx_word' id='word_1_108' title='bbox 511 2045 555 2089; x_wconf 67' lang='lat' dir='ltr'>ex</span> <span class='ocrx_word' id='word_1_109' title='bbox 578 2023 753 2107; x_wconf 67' lang='lat' dir='ltr'>iniquitate</span> <span class='ocrx_word' id='word_1_110' title='bbox 775 2032 887 2087; x_wconf 66' lang='lat' dir='ltr'>nostia</span> <span class='ocrx_word' id='word_1_111' title='bbox 910 2042 983 2086; x_wconf 63' lang='lat' dir='ltr'>reos</span> <span class='ocrx_word' id='word_1_112' title='bbox 999 2042 1059 2086; x_wconf 92' lang='lat' dir='ltr'>nos</span> <span class='ocrx_word' id='word_1_113' title='bbox 1074 2003 1146 2085; x_wconf 66' lang='lat' dir='ltr'><strong>ess&#39;e</strong></span> <span class='ocrx_word' id='word_1_114' title='bbox 1163 2015 1332 2102; x_wconf 65' lang='lat' dir='ltr'>cognosci,</span> <span class='ocrx_word' id='word_1_115' title='bbox 1383 1992 1528 2058; x_wconf 87' lang='lat' dir='ltr'>reatibus</span> <span class='ocrx_word' id='word_1_116' title='bbox 1543 1993 1662 2058; x_wconf 88' lang='lat' dir='ltr'>nostris</span> <span class='ocrx_word' id='word_1_117' title='bbox 1677 1993 1820 2060; x_wconf 90' lang='lat' dir='ltr'>absoluti</span> <span class='ocrx_word' id='word_1_118' title='bbox 1835 2015 1856 2059; x_wconf 92' lang='lat' dir='ltr'>a</span> <span class='ocrx_word' id='word_1_119' title='bbox 1873 1996 1999 2061; x_wconf 89' lang='lat' dir='ltr'>cunctis</span> <span class='ocrx_word' id='word_1_120' title='bbox 2015 1997 2115 2063; x_wconf 90' lang='lat' dir='ltr'>etiarn</span> <span class='ocrx_word' id='word_1_121' title='bbox 2131 2000 2283 2083; x_wconf 89' lang='lat' dir='ltr'>periculis</span> 
     </span>
    </p>
   </div>
   <div class='ocr_carea' id='block_1_12' title="bbox 431 2094 1905 2289">
    <p class='ocr_par' dir='ltr' id='par_1_12' title="bbox 431 2094 1905 2289">
     <span class='ocr_line' id='line_1_15' title="bbox 432 2094 1682 2205; baseline -0.014 -17"><span class='ocrx_word' id='word_1_122' title='bbox 432 2144 514 2202; x_wconf 89' lang='lat' dir='ltr'>mus,</span> <span class='ocrx_word' id='word_1_123' title='bbox 529 2123 619 2188; x_wconf 88' lang='lat' dir='ltr'>beati</span> <span class='ocrx_word' id='word_1_124' title='bbox 641 2121 842 2205; x_wconf 88' lang='lat' dir='ltr'>chrissogoni</span> <span class='ocrx_word' id='word_1_125' title='bbox 866 2121 1021 2204; x_wconf 88' lang='lat' dir='ltr'>martyris</span> <span class='ocrx_word' id='word_1_126' title='bbox 1036 2120 1085 2185; x_wconf 93' lang='lat' dir='ltr'>tui</span> <span class='ocrx_word' id='word_1_127' title='bbox 1101 2117 1333 2184; x_wconf 86' lang='lat' dir='ltr'>intercessione</span> <span class='ocrx_word' id='word_1_128' title='bbox 1383 2113 1554 2160; x_wconf 64' lang='lat' dir='ltr'><strong>exuamur·</strong></span> <span class='ocrx_word' id='word_1_129' title='bbox 1596 2094 1682 2160; x_wconf 53' lang='lat' dir='ltr'>Per!</span> 
     </span>
     <span class='ocr_line' id='line_1_16' title="bbox 431 2207 1905 2289; baseline -0.02 -1"><span class='ocrx_word' id='word_1_130' title='bbox 431 2223 615 2289; x_wconf 91' lang='lat' dir='ltr'>liberemur.</span> <span class='ocrx_word' id='word_1_131' title='bbox 657 2221 719 2286; x_wconf 90' lang='lat' dir='ltr'>Per</span> <span class='ocrx_word' id='word_1_132' title='bbox 733 2221 906 2286; x_wconf 90' lang='lat' dir='ltr'>dominum</span> <span class='ocrx_word' id='word_1_133' title='bbox 921 2230 1096 2285; x_wconf 71' lang='lat' dir='ltr'>nostruma</span> <span class='ocrx_word' id='word_1_134' title='bbox 1765 2207 1905 2274; x_wconf 69' lang='lat' dir='ltr'>Secreta,</span> 
     </span>
    </p>
   </div>
   <div class='ocr_carea' id='block_1_13' title="bbox 1428 2331 2283 2416">
    <p class='ocr_par' dir='ltr' id='par_1_13' title="bbox 1428 2331 2283 2416">
     <span class='ocr_line' id='line_1_17' title="bbox 1428 2331 2283 2416; baseline 0.006 -17"><span class='ocrx_word' id='word_1_135' title='bbox 1428 2332 1633 2399; x_wconf 88' lang='lat' dir='ltr'>Sacrandum</span> <span class='ocrx_word' id='word_1_136' title='bbox 1669 2331 1742 2410; x_wconf 92' lang='lat' dir='ltr'>tibi,</span> <span class='ocrx_word' id='word_1_137' title='bbox 1775 2333 1918 2410; x_wconf 90' lang='lat' dir='ltr'>domine,</span> <span class='ocrx_word' id='word_1_138' title='bbox 1953 2354 2072 2400; x_wconf 91' lang='lat' dir='ltr'>munus</span> <span class='ocrx_word' id='word_1_139' title='bbox 2108 2337 2283 2416; x_wconf 82' lang='lat' dir='ltr'>offerimus,</span> 
     </span>
    </p>
   </div>
   <div class='ocr_carea' id='block_1_14' title="bbox 1384 2431 2284 2521">
    <p class='ocr_par' dir='ltr' id='par_1_14' title="bbox 1384 2431 2284 2521">
     <span class='ocr_line' id='line_1_18' title="bbox 1384 2431 2284 2521; baseline 0.009 -24"><span class='ocrx_word' id='word_1_140' title='bbox 1384 2454 1453 2516; x_wconf 91' lang='lat' dir='ltr'>quo</span> <span class='ocrx_word' id='word_1_141' title='bbox 1466 2433 1557 2498; x_wconf 91' lang='lat' dir='ltr'>beati</span> <span class='ocrx_word' id='word_1_142' title='bbox 1572 2431 1704 2498; x_wconf 81' lang='lat' dir='ltr'>andreae</span> <span class='ocrx_word' id='word_1_143' title='bbox 1726 2431 1925 2516; x_wconf 89' lang='lat' dir='ltr'>sollempnia</span> <span class='ocrx_word' id='word_1_144' title='bbox 1938 2433 2119 2501; x_wconf 90' lang='lat' dir='ltr'>recolentes</span> <span class='ocrx_word' id='word_1_145' title='bbox 2134 2439 2284 2521; x_wconf 90' lang='lat' dir='ltr'>purifica·</span> 
     </span>
    </p>
   </div>
   <div class='ocr_carea' id='block_1_15' title="bbox 433 2507 2284 2699">
    <p class='ocr_par' dir='ltr' id='par_1_15' title="bbox 433 2507 2284 2699">
     <span class='ocr_line' id='line_1_19' title="bbox 477 2507 2284 2620; baseline 0.002 -43"><span class='ocrx_word' id='word_1_146' title='bbox 477 2509 620 2587; x_wconf 88' lang='lat' dir='ltr'>Oblatis,</span> <span class='ocrx_word' id='word_1_147' title='bbox 632 2529 822 2593; x_wconf 89' lang='lat' dir='ltr'>quesumus,</span> <span class='ocrx_word' id='word_1_148' title='bbox 835 2509 979 2588; x_wconf 90' lang='lat' dir='ltr'>domine,</span> <span class='ocrx_word' id='word_1_149' title='bbox 991 2509 1122 2593; x_wconf 91' lang='lat' dir='ltr'>placare</span> <span class='ocrx_word' id='word_1_150' title='bbox 1138 2507 1334 2588; x_wconf 90' lang='lat' dir='ltr'>muneribus,</span> <span class='ocrx_word' id='word_1_151' title='bbox 1385 2533 1510 2598; x_wconf 66' lang='lat' dir='ltr'>tionem</span> <span class='ocrx_word' id='word_1_152' title='bbox 1541 2551 1672 2616; x_wconf 68' lang='lat' dir='ltr'>quoque</span> <span class='ocrx_word' id='word_1_153' title='bbox 1707 2533 1828 2598; x_wconf 60' lang='lat' dir='ltr'>nostris</span> <span class='ocrx_word' id='word_1_154' title='bbox 1862 2533 2028 2599; x_wconf 63' lang='lat' dir='ltr'>mentibus</span> <span class='ocrx_word' id='word_1_155' title='bbox 2059 2534 2284 2620; x_wconf 45' lang='lat' dir='ltr'>imploramus·</span> 
     </span>
     <span class='ocr_line' id='line_1_20' title="bbox 433 2608 1475 2699; baseline 0.007 -24"><span class='ocrx_word' id='word_1_156' title='bbox 433 2620 477 2686; x_wconf 90' lang='lat' dir='ltr'>et,</span> <span class='ocrx_word' id='word_1_157' title='bbox 494 2608 717 2674; x_wconf 89' lang='lat' dir='ltr'>intercedente</span> <span class='ocrx_word' id='word_1_158' title='bbox 731 2608 831 2673; x_wconf 90' lang='lat' dir='ltr'>beato</span> <span class='ocrx_word' id='word_1_159' title='bbox 843 2608 1057 2692; x_wconf 88' lang='lat' dir='ltr'>chrissogono</span> <span class='ocrx_word' id='word_1_160' title='bbox 1073 2616 1218 2691; x_wconf 83' lang='lat' dir='ltr'>martyre</span> <span class='ocrx_word' id='word_1_161' title='bbox 1233 2617 1335 2686; x_wconf 91' lang='lat' dir='ltr'>tuo‚a</span> <span class='ocrx_word' id='word_1_162' title='bbox 1386 2632 1475 2699; x_wconf 56' lang='lat' dir='ltr'>pesp</span> 
     </span>
    </p>
   </div>
   <div class='ocr_carea' id='block_1_16' title="bbox 434 2707 1919 2814">
    <p class='ocr_par' dir='ltr' id='par_1_16' title="bbox 434 2707 1919 2814">
     <span class='ocr_line' id='line_1_21' title="bbox 434 2707 1919 2814; baseline 0.005 -40"><span class='ocrx_word' id='word_1_163' title='bbox 434 2711 561 2774; x_wconf 87' lang='lat' dir='ltr'>cunctis</span> <span class='ocrx_word' id='word_1_164' title='bbox 577 2729 636 2773; x_wconf 91' lang='lat' dir='ltr'>nos</span> <span class='ocrx_word' id='word_1_165' title='bbox 652 2707 793 2774; x_wconf 84' lang='lat' dir='ltr'>deiende</span> <span class='ocrx_word' id='word_1_166' title='bbox 807 2708 970 2792; x_wconf 89' lang='lat' dir='ltr'>periculis.</span> <span class='ocrx_word' id='word_1_167' title='bbox 1014 2709 1077 2774; x_wconf 92' lang='lat' dir='ltr'>Per</span> <span class='ocrx_word' id='word_1_168' title='bbox 1091 2708 1287 2774; x_wconf 73' lang='lat' dir='ltr'>dominum.t</span> <span class='ocrx_word' id='word_1_169' title='bbox 1754 2730 1919 2814; x_wconf 57' lang='lat' dir='ltr'>pnsum,</span> 
     </span>
    </p>
   </div>
   <div class='ocr_carea' id='block_1_17' title="bbox 811 2383 951 2450">
    <p class='ocr_par' dir='ltr' id='par_1_17' title="bbox 811 2383 951 2450">
     <span class='ocr_line' id='line_1_22' title="bbox 811 2383 951 2450; baseline 0 -2"><span class='ocrx_word' id='word_1_170' title='bbox 811 2383 951 2450; x_wconf 82' lang='lat' dir='ltr'>Secreta.</span> 
     </span>
    </p>
   </div>
   <div class='ocr_carea' id='block_1_18' title="bbox 735 2849 2287 2955">
    <p class='ocr_par' dir='ltr' id='par_1_18' title="bbox 735 2849 2287 2955">
     <span class='ocr_line' id='line_1_23' title="bbox 735 2849 2287 2955; baseline -0.008 -18"><span class='ocrx_word' id='word_1_171' title='bbox 735 2849 740 2860; x_wconf 57' lang='grc'><strong><em>’</em></strong></span> <span class='ocrx_word' id='word_1_172' title='bbox 792 2870 968 2955; x_wconf 80' lang='lat' dir='ltr'>Proesatio.</span> <span class='ocrx_word' id='word_1_173' title='bbox 1430 2856 1476 2924; x_wconf 89' lang='lat' dir='ltr'>U.</span> <span class='ocrx_word' id='word_1_174' title='bbox 1489 2856 1531 2922; x_wconf 92' lang='lat' dir='ltr'>D.</span> <span class='ocrx_word' id='word_1_175' title='bbox 1547 2865 1670 2921; x_wconf 84' lang='lat' dir='ltr'>aeterne</span> <span class='ocrx_word' id='word_1_176' title='bbox 1685 2855 1775 2920; x_wconf 90' lang='lat' dir='ltr'>deus.</span> <span class='ocrx_word' id='word_1_177' title='bbox 1814 2855 1860 2920; x_wconf 90' lang='lat' dir='ltr'>Et</span> <span class='ocrx_word' id='word_1_178' title='bbox 1876 2854 2084 2923; x_wconf 85' lang='lat' dir='ltr'>maiestatem</span> <span class='ocrx_word' id='word_1_179' title='bbox 2099 2866 2192 2924; x_wconf 88' lang='lat' dir='ltr'>tuam</span> <span class='ocrx_word' id='word_1_180' title='bbox 2208 2881 2287 2944; x_wconf 90' lang='lat' dir='ltr'>sup·</span> 
     </span>
    </p>
   </div>
   <div class='ocr_carea' id='block_1_19' title="bbox 479 2956 2286 3080">
    <p class='ocr_par' dir='ltr' id='par_1_19' title="bbox 479 2956 2286 3080">
     <span class='ocr_line' id='line_1_24' title="bbox 479 2956 2286 3080; baseline -0.01 -36"><span class='ocrx_word' id='word_1_181' title='bbox 479 2998 524 3066; x_wconf 50' lang='lat' dir='ltr'>U,</span> <span class='ocrx_word' id='word_1_182' title='bbox 537 2997 581 3061; x_wconf 63' lang='lat'>1),</span> <span class='ocrx_word' id='word_1_183' title='bbox 593 2996 820 3062; x_wconf 50' lang='lat' dir='ltr'>aetemedeiii</span> <span class='ocrx_word' id='word_1_184' title='bbox 850 2995 917 3080; x_wconf 72' lang='lat' dir='ltr'>Qui</span> <span class='ocrx_word' id='word_1_185' title='bbox 929 3017 990 3062; x_wconf 66' lang='lat' dir='ltr'>nos</span> <span class='ocrx_word' id='word_1_186' title='bbox 1000 2993 1140 3062; x_wconf 88' lang='lat' dir='ltr'>assiduis</span> <span class='ocrx_word' id='word_1_187' title='bbox 1153 3003 1335 3079; x_wconf 54' lang='lat' dir='ltr'><strong>martyrum</strong></span> <span class='ocrx_word' id='word_1_188' title='bbox 1387 2957 1515 3042; x_wconf 91' lang='lat' dir='ltr'>pliciter</span> <span class='ocrx_word' id='word_1_189' title='bbox 1543 2976 1689 3035; x_wconf 91' lang='lat' dir='ltr'>exorare,</span> <span class='ocrx_word' id='word_1_190' title='bbox 1717 2964 1753 3019; x_wconf 91' lang='lat' dir='ltr'>ut</span> <span class='ocrx_word' id='word_1_191' title='bbox 1782 2956 1838 3040; x_wconf 93' lang='lat' dir='ltr'>qui</span> <span class='ocrx_word' id='word_1_192' title='bbox 1865 2956 1955 3022; x_wconf 90' lang='lat' dir='ltr'>beati</span> <span class='ocrx_word' id='word_1_193' title='bbox 1985 2959 2117 3023; x_wconf 85' lang='lat' dir='ltr'>andreae</span> <span class='ocrx_word' id='word_1_194' title='bbox 2144 2961 2286 3043; x_wconf 92' lang='lat' dir='ltr'>apostoli</span> 
     </span>
    </p>
   </div>
   <div class='ocr_carea' id='block_1_20' title="bbox 436 3054 2286 3182">
    <p class='ocr_par' dir='ltr' id='par_1_20' title="bbox 436 3054 2286 3182">
     <span class='ocr_line' id='line_1_25' title="bbox 436 3054 2286 3182; baseline 0.005 -66"><span class='ocrx_word' id='word_1_195' title='bbox 436 3095 645 3182; x_wconf 63' lang='lat' dir='ltr'>passionibus</span> <span class='ocrx_word' id='word_1_196' title='bbox 663 3095 850 3178; x_wconf 55' lang='lat' dir='ltr'>consolaris,</span> <span class='ocrx_word' id='word_1_197' title='bbox 870 3105 904 3162; x_wconf 66' lang='lat' dir='ltr'>et</span> <span class='ocrx_word' id='word_1_198' title='bbox 928 3117 1041 3162; x_wconf 60' lang='lat' dir='ltr'>comm</span> <span class='ocrx_word' id='word_1_199' title='bbox 1062 3096 1257 3179; x_wconf 65' lang='lat' dir='ltr'>sanguinem</span> <span class='ocrx_word' id='word_1_200' title='bbox 1280 3095 1337 3159; x_wconf 52' lang='lat' dir='ltr'>iri,</span> <span class='ocrx_word' id='word_1_201' title='bbox 1387 3056 1507 3122; x_wconf 80' lang='lat' dir='ltr'>festum</span> <span class='ocrx_word' id='word_1_202' title='bbox 1531 3054 1770 3138; x_wconf 88' lang='lat' dir='ltr'>sollempnibus</span> <span class='ocrx_word' id='word_1_203' title='bbox 1792 3056 1919 3120; x_wconf 90' lang='lat' dir='ltr'>ieiuniis</span> <span class='ocrx_word' id='word_1_204' title='bbox 1935 3065 1968 3122; x_wconf 94' lang='lat' dir='ltr'>et</span> <span class='ocrx_word' id='word_1_205' title='bbox 1985 3057 2116 3123; x_wconf 90' lang='lat' dir='ltr'>deuotis</span> <span class='ocrx_word' id='word_1_206' title='bbox 2137 3061 2286 3143; x_wconf 90' lang='lat' dir='ltr'>preueni·</span> 
     </span>
    </p>
   </div>
   <div class='ocr_carea' id='block_1_21' title="bbox 437 3155 2288 3340">
    <p class='ocr_par' dir='ltr' id='par_1_21' title="bbox 437 3155 2288 3340">
     <span class='ocr_line' id='line_1_26' title="bbox 437 3155 2288 3282; baseline 0.004 -64"><span class='ocrx_word' id='word_1_207' title='bbox 437 3196 629 3282; x_wconf 67' lang='lat' dir='ltr'>umphaiem</span> <span class='ocrx_word' id='word_1_208' title='bbox 663 3216 764 3280; x_wconf 67' lang='lat' dir='ltr'>quem</span> <span class='ocrx_word' id='word_1_209' title='bbox 793 3217 854 3280; x_wconf 64' lang='lat' dir='ltr'>pro</span> <span class='ocrx_word' id='word_1_210' title='bbox 882 3196 1087 3262; x_wconf 66' lang='lat' dir='ltr'>consessione</span> <span class='ocrx_word' id='word_1_211' title='bbox 1117 3195 1259 3260; x_wconf 69' lang='lat' dir='ltr'>nominis</span> <span class='ocrx_word' id='word_1_212' title='bbox 1289 3193 1338 3260; x_wconf 57' lang='lat' dir='ltr'>tui</span> <span class='ocrx_word' id='word_1_213' title='bbox 1388 3177 1461 3221; x_wconf 88' lang='lat' dir='ltr'>mus</span> <span class='ocrx_word' id='word_1_214' title='bbox 1476 3155 1598 3234; x_wconf 87' lang='lat' dir='ltr'>officiis,</span> <span class='ocrx_word' id='word_1_215' title='bbox 1613 3155 1699 3219; x_wconf 90' lang='lat' dir='ltr'>illius</span> <span class='ocrx_word' id='word_1_216' title='bbox 1714 3155 1803 3237; x_wconf 93' lang='lat' dir='ltr'>apud</span> <span class='ocrx_word' id='word_1_217' title='bbox 1819 3155 2027 3222; x_wconf 90' lang='lat' dir='ltr'>maiestatem</span> <span class='ocrx_word' id='word_1_218' title='bbox 2044 3166 2078 3222; x_wconf 89' lang='lat' dir='ltr'>et</span> <span class='ocrx_word' id='word_1_219' title='bbox 2092 3158 2288 3225; x_wconf 88' lang='lat' dir='ltr'>adiuuemur</span> 
     </span>
     <span class='ocr_line' id='line_1_27' title="bbox 631 3248 2117 3340; baseline 0.005 -22"><span class='ocrx_word' id='word_1_220' title='bbox 631 3248 640 3278; x_wconf 93' lang='lat'>&#39;</span> <span class='ocrx_word' id='word_1_221' title='bbox 1389 3255 1524 3333; x_wconf 74' lang='lat' dir='ltr'>meritis</span> <span class='ocrx_word' id='word_1_222' title='bbox 1540 3263 1573 3323; x_wconf 91' lang='lat' dir='ltr'>et</span> <span class='ocrx_word' id='word_1_223' title='bbox 1589 3255 1788 3320; x_wconf 87' lang='lat' dir='ltr'>instruamur</span> <span class='ocrx_word' id='word_1_224' title='bbox 1803 3255 1977 3340; x_wconf 89' lang='lat' dir='ltr'>exemplis.</span> <span class='ocrx_word' id='word_1_225' title='bbox 2023 3258 2084 3322; x_wconf 93' lang='lat' dir='ltr'>Per</span> <span class='ocrx_word' id='word_1_226' title='bbox 2093 3256 2117 3326; x_wconf 82' lang='lat'>³.</span> 
     </span>
    </p>
   </div>
   <div class='ocr_carea' id='block_1_22' title="bbox 436 3292 1339 3380">
    <p class='ocr_par' dir='ltr' id='par_1_22' title="bbox 436 3292 1339 3380">
     <span class='ocr_line' id='line_1_28' title="bbox 436 3292 1339 3380; baseline -0.006 -18"><span class='ocrx_word' id='word_1_227' title='bbox 436 3297 624 3363; x_wconf 87' lang='lat' dir='ltr'>infidelibus</span> <span class='ocrx_word' id='word_1_228' title='bbox 639 3295 798 3380; x_wconf 90' lang='lat' dir='ltr'>prebuere</span> <span class='ocrx_word' id='word_1_229' title='bbox 812 3296 1027 3375; x_wconf 81' lang='lat' dir='ltr'>fundendum,</span> <span class='ocrx_word' id='word_1_230' title='bbox 1044 3295 1088 3360; x_wconf 93' lang='lat' dir='ltr'>ad</span> <span class='ocrx_word' id='word_1_231' title='bbox 1111 3303 1242 3359; x_wconf 89' lang='lat' dir='ltr'>tuorum</span> <span class='ocrx_word' id='word_1_232' title='bbox 1257 3292 1339 3359; x_wconf 86' lang='lat' dir='ltr'>iacis</span> 
     </span>
    </p>
   </div>
   <div class='ocr_carea' id='block_1_23' title="bbox 436 3388 1991 3525">
    <p class='ocr_par' dir='ltr' id='par_1_23' title="bbox 436 3388 1991 3525">
     <span class='ocr_line' id='line_1_29' title="bbox 436 3388 1991 3525; baseline 0.014 -63"><span class='ocrx_word' id='word_1_233' title='bbox 436 3397 598 3463; x_wconf 88' lang='lat' dir='ltr'>auxilium</span> <span class='ocrx_word' id='word_1_234' title='bbox 613 3396 751 3462; x_wconf 90' lang='lat' dir='ltr'>transire</span> <span class='ocrx_word' id='word_1_235' title='bbox 766 3388 925 3461; x_wconf 87' lang='lat' dir='ltr'>fidelium.</span> <span class='ocrx_word' id='word_1_236' title='bbox 971 3395 1034 3460; x_wconf 93' lang='lat' dir='ltr'>Per</span> <span class='ocrx_word' id='word_1_237' title='bbox 1048 3393 1207 3461; x_wconf 90' lang='lat' dir='ltr'>christum</span> <span class='ocrx_word' id='word_1_238' title='bbox 1217 3391 1240 3460; x_wconf 84' lang='lat'>³.</span> <span class='ocrx_word' id='word_1_239' title='bbox 1684 3441 1745 3507; x_wconf 67' lang='lat' dir='ltr'>Ad</span> <span class='ocrx_word' id='word_1_240' title='bbox 1762 3441 1991 3525; x_wconf 49' lang='lat' dir='ltr'>camimum·</span> 
     </span>
    </p>
   </div>
   <div class='ocr_carea' id='block_1_24' title="bbox 482 3558 2291 3766">
    <p class='ocr_par' dir='ltr' id='par_1_24' title="bbox 482 3558 2291 3766">
     <span class='ocr_line' id='line_1_30' title="bbox 736 3558 2289 3653; baseline 0.008 -29"><span class='ocrx_word' id='word_1_241' title='bbox 736 3558 797 3624; x_wconf 78' lang='lat' dir='ltr'>Ad</span> <span class='ocrx_word' id='word_1_242' title='bbox 814 3559 1043 3643; x_wconf 82' lang='lat' dir='ltr'>complendum.</span> <span class='ocrx_word' id='word_1_243' title='bbox 1434 3567 1608 3652; x_wconf 85' lang='lat' dir='ltr'>Perceptis,</span> <span class='ocrx_word' id='word_1_244' title='bbox 1625 3567 1768 3644; x_wconf 89' lang='lat' dir='ltr'>domine,</span> <span class='ocrx_word' id='word_1_245' title='bbox 1782 3567 1997 3633; x_wconf 89' lang='lat' dir='ltr'>sacramentis</span> <span class='ocrx_word' id='word_1_246' title='bbox 2017 3567 2208 3653; x_wconf 89' lang='lat' dir='ltr'>suppliciter</span> <span class='ocrx_word' id='word_1_247' title='bbox 2229 3591 2289 3636; x_wconf 90' lang='lat' dir='ltr'>ex·</span> 
     </span>
     <span class='ocr_line' id='line_1_31' title="bbox 482 3667 2291 3766; baseline 0.004 -39"><span class='ocrx_word' id='word_1_248' title='bbox 482 3685 557 3761; x_wconf 73' lang='lat' dir='ltr'>Tui</span> <span class='ocrx_word' id='word_1_249' title='bbox 588 3683 730 3759; x_wconf 58' lang='lat' dir='ltr'>domine,</span> <span class='ocrx_word' id='word_1_250' title='bbox 763 3683 976 3766; x_wconf 58' lang='lat' dir='ltr'>perceptione</span> <span class='ocrx_word' id='word_1_251' title='bbox 1013 3682 1219 3763; x_wconf 63' lang='lat' dir='ltr'>sacramenti,</span> <span class='ocrx_word' id='word_1_252' title='bbox 1249 3692 1283 3747; x_wconf 70' lang='lat' dir='ltr'>et</span> <span class='ocrx_word' id='word_1_253' title='bbox 1319 3704 1340 3748; x_wconf 69' lang='lat' dir='ltr'>a</span> <span class='ocrx_word' id='word_1_254' title='bbox 1391 3689 1531 3744; x_wconf 90' lang='lat' dir='ltr'>oramus,</span> <span class='ocrx_word' id='word_1_255' title='bbox 1548 3676 1594 3743; x_wconf 91' lang='lat' dir='ltr'>ut,</span> <span class='ocrx_word' id='word_1_256' title='bbox 1614 3668 1838 3732; x_wconf 89' lang='lat' dir='ltr'>intercedente</span> <span class='ocrx_word' id='word_1_257' title='bbox 1863 3667 1965 3732; x_wconf 91' lang='lat' dir='ltr'>beato</span> <span class='ocrx_word' id='word_1_258' title='bbox 1990 3668 2115 3733; x_wconf 91' lang='lat' dir='ltr'>andrea</span> <span class='ocrx_word' id='word_1_259' title='bbox 2139 3669 2291 3753; x_wconf 89' lang='lat' dir='ltr'>apostolo</span> 
     </span>
    </p>
   </div>
   <div class='ocr_carea' id='block_1_25' title="bbox 440 3765 2293 3950">
    <p class='ocr_par' dir='ltr' id='par_1_25' title="bbox 440 3765 2293 3950">
     <span class='ocr_line' id='line_1_32' title="bbox 440 3765 2293 3866; baseline -0.008 -16"><span class='ocrx_word' id='word_1_260' title='bbox 440 3785 561 3850; x_wconf 89' lang='lat' dir='ltr'>nostris</span> <span class='ocrx_word' id='word_1_261' title='bbox 576 3784 776 3849; x_wconf 89' lang='lat' dir='ltr'>mundemur</span> <span class='ocrx_word' id='word_1_262' title='bbox 790 3783 936 3866; x_wconf 89' lang='lat' dir='ltr'>occultis,</span> <span class='ocrx_word' id='word_1_263' title='bbox 952 3793 986 3848; x_wconf 90' lang='lat' dir='ltr'>et</span> <span class='ocrx_word' id='word_1_264' title='bbox 1000 3783 1044 3848; x_wconf 90' lang='lat' dir='ltr'>ab</span> <span class='ocrx_word' id='word_1_265' title='bbox 1062 3782 1208 3848; x_wconf 89' lang='lat' dir='ltr'>hostium</span> <span class='ocrx_word' id='word_1_266' title='bbox 1223 3782 1341 3847; x_wconf 89' lang='lat' dir='ltr'>libere·</span> <span class='ocrx_word' id='word_1_267' title='bbox 1391 3776 1462 3842; x_wconf 73' lang='lat' dir='ltr'>tuo,</span> <span class='ocrx_word' id='word_1_268' title='bbox 1477 3787 1553 3850; x_wconf 77' lang='lat' dir='ltr'>quae</span> <span class='ocrx_word' id='word_1_269' title='bbox 1575 3787 1636 3849; x_wconf 80' lang='lat' dir='ltr'>pro</span> <span class='ocrx_word' id='word_1_270' title='bbox 1657 3765 1743 3829; x_wconf 78' lang='lat' dir='ltr'>illius</span> <span class='ocrx_word' id='word_1_271' title='bbox 1765 3767 1953 3831; x_wconf 79' lang='lat' dir='ltr'>ueneranda</span> <span class='ocrx_word' id='word_1_272' title='bbox 1974 3767 2119 3851; x_wconf 84' lang='lat' dir='ltr'>gerimus</span> <span class='ocrx_word' id='word_1_273' title='bbox 2140 3769 2293 3852; x_wconf 83' lang='lat' dir='ltr'>passione</span> 
     </span>
     <span class='ocr_line' id='line_1_33' title="bbox 442 3865 2057 3950; baseline -0.01 -4"><span class='ocrx_word' id='word_1_274' title='bbox 442 3903 516 3948; x_wconf 90' lang='lat' dir='ltr'>mur</span> <span class='ocrx_word' id='word_1_275' title='bbox 530 3883 666 3950; x_wconf 88' lang='lat' dir='ltr'>insidiis.</span> <span class='ocrx_word' id='word_1_276' title='bbox 711 3882 797 3948; x_wconf 74' lang='lat' dir='ltr'>Per.t</span> <span class='ocrx_word' id='word_1_277' title='bbox 1393 3866 1487 3931; x_wconf 88' lang='lat' dir='ltr'>nobis</span> <span class='ocrx_word' id='word_1_278' title='bbox 1501 3865 1674 3950; x_wconf 88' lang='lat' dir='ltr'>proficiant</span> <span class='ocrx_word' id='word_1_279' title='bbox 1689 3866 1733 3930; x_wconf 93' lang='lat' dir='ltr'>ad</span> <span class='ocrx_word' id='word_1_280' title='bbox 1749 3865 1925 3931; x_wconf 90' lang='lat' dir='ltr'>medelam.</span> <span class='ocrx_word' id='word_1_281' title='bbox 1970 3865 2057 3931; x_wconf 61' lang='lat' dir='ltr'>Pers</span> 
     </span>
    </p>
   </div>
   <div class='ocr_carea' id='block_1_26' title="bbox 497 4049 2295 4260">
    <p class='ocr_par' dir='ltr' id='par_1_26' title="bbox 497 4049 2295 4260">
     <span class='ocr_line' id='line_1_34' title="bbox 497 4049 1963 4176; baseline -0.022 -14"><span class='ocrx_word' id='word_1_282' title='bbox 497 4094 715 4162; x_wconf 67' lang='lat' dir='ltr'>titillatum</span> <span class='ocrx_word' id='word_1_283' title='bbox 743 4093 1127 4163; x_wconf 76' lang='lat' dir='ltr'>Natalrsanrttrutnnrini</span> <span class='ocrx_word' id='word_1_284' title='bbox 1140 4095 1287 4176; x_wconf 62' lang='lat' dir='ltr'>martiris.</span> <span class='ocrx_word' id='word_1_285' title='bbox 1725 4049 1787 4116; x_wconf 69' lang='lat' dir='ltr'>Ad</span> <span class='ocrx_word' id='word_1_286' title='bbox 1799 4051 1963 4135; x_wconf 58' lang='lat' dir='ltr'>mulum·</span> 
     </span>
     <span class='ocr_line' id='line_1_35' title="bbox 1438 4175 2295 4260; baseline 0.002 -18"><span class='ocrx_word' id='word_1_287' title='bbox 1438 4175 1582 4252; x_wconf 89' lang='lat' dir='ltr'>Exaudi,</span> <span class='ocrx_word' id='word_1_288' title='bbox 1610 4175 1753 4252; x_wconf 92' lang='lat' dir='ltr'>domine,</span> <span class='ocrx_word' id='word_1_289' title='bbox 1780 4175 1940 4260; x_wconf 89' lang='lat' dir='ltr'>populum</span> <span class='ocrx_word' id='word_1_290' title='bbox 1967 4186 2061 4242; x_wconf 91' lang='lat' dir='ltr'>tuum</span> <span class='ocrx_word' id='word_1_291' title='bbox 2088 4197 2163 4243; x_wconf 91' lang='lat' dir='ltr'>cum</span> <span class='ocrx_word' id='word_1_292' title='bbox 2189 4179 2295 4245; x_wconf 90' lang='lat' dir='ltr'>sancti</span> 
     </span>
    </p>
   </div>
   <div class='ocr_carea' id='block_1_27' title="bbox 1394 4275 2297 4542">
    <p class='ocr_par' dir='ltr' id='par_1_27' title="bbox 1394 4275 2297 4542">
     <span class='ocr_line' id='line_1_36' title="bbox 1394 4275 2297 4362; baseline 0.002 -21"><span class='ocrx_word' id='word_1_293' title='bbox 1394 4275 1536 4360; x_wconf 86' lang='lat' dir='ltr'>apostoli</span> <span class='ocrx_word' id='word_1_294' title='bbox 1545 4276 1592 4340; x_wconf 93' lang='lat' dir='ltr'>tui</span> <span class='ocrx_word' id='word_1_295' title='bbox 1602 4277 1784 4358; x_wconf 91' lang='lat' dir='ltr'>patrocinio</span> <span class='ocrx_word' id='word_1_296' title='bbox 1793 4275 2042 4360; x_wconf 84' lang='lat' dir='ltr'>supplicantem,</span> <span class='ocrx_word' id='word_1_297' title='bbox 2051 4286 2087 4342; x_wconf 92' lang='lat' dir='ltr'>ut</span> <span class='ocrx_word' id='word_1_298' title='bbox 2099 4287 2157 4343; x_wconf 90' lang='lat' dir='ltr'>tuo</span> <span class='ocrx_word' id='word_1_299' title='bbox 2166 4300 2297 4362; x_wconf 89' lang='lat' dir='ltr'>semper</span> 
     </span>
     <span class='ocr_line' id='line_1_37' title="bbox 1395 4375 2296 4459; baseline 0.002 -18"><span class='ocrx_word' id='word_1_300' title='bbox 1395 4377 1520 4441; x_wconf 88' lang='lat' dir='ltr'>auxilio</span> <span class='ocrx_word' id='word_1_301' title='bbox 1535 4395 1649 4440; x_wconf 89' lang='lat' dir='ltr'>secura</span> <span class='ocrx_word' id='word_1_302' title='bbox 1663 4375 1724 4440; x_wconf 93' lang='lat' dir='ltr'>tibi</span> <span class='ocrx_word' id='word_1_303' title='bbox 1740 4377 1843 4459; x_wconf 88' lang='lat' dir='ltr'>possit</span> <span class='ocrx_word' id='word_1_304' title='bbox 1859 4376 2037 4441; x_wconf 91' lang='lat' dir='ltr'>deuotione</span> <span class='ocrx_word' id='word_1_305' title='bbox 2056 4378 2188 4444; x_wconf 88' lang='lat' dir='ltr'>seruire.</span> <span class='ocrx_word' id='word_1_306' title='bbox 2234 4379 2296 4444; x_wconf 91' lang='lat' dir='ltr'>Per</span> 
     </span>
     <span class='ocr_line' id='line_1_38' title="bbox 1400 4476 1765 4542; baseline -0.008 -1"><span class='ocrx_word' id='word_1_307' title='bbox 1400 4476 1572 4542; x_wconf 88' lang='lat' dir='ltr'>dominum</span> <span class='ocrx_word' id='word_1_308' title='bbox 1589 4484 1765 4539; x_wconf 77' lang='lat' dir='ltr'>nostrum.t</span> 
     </span>
    </p>
   </div>
   <div class='ocr_carea' id='block_1_28' title="bbox 443 4227 1344 4495">
    <p class='ocr_par' dir='ltr' id='par_1_28' title="bbox 443 4227 1344 4495">
     <span class='ocr_line' id='line_1_39' title="bbox 487 4227 1344 4313; baseline 0.001 -21"><span class='ocrx_word' id='word_1_309' title='bbox 487 4228 589 4309; x_wconf 89' lang='lat' dir='ltr'>Deus,</span> <span class='ocrx_word' id='word_1_310' title='bbox 620 4229 677 4313; x_wconf 90' lang='lat' dir='ltr'>qui</span> <span class='ocrx_word' id='word_1_311' title='bbox 707 4250 768 4294; x_wconf 88' lang='lat' dir='ltr'>nos</span> <span class='ocrx_word' id='word_1_312' title='bbox 796 4228 886 4294; x_wconf 91' lang='lat' dir='ltr'>beati</span> <span class='ocrx_word' id='word_1_313' title='bbox 916 4229 1075 4294; x_wconf 90' lang='lat' dir='ltr'>saturnini</span> <span class='ocrx_word' id='word_1_314' title='bbox 1109 4229 1263 4313; x_wconf 89' lang='lat' dir='ltr'>martyris</span> <span class='ocrx_word' id='word_1_315' title='bbox 1295 4227 1344 4294; x_wconf 90' lang='lat' dir='ltr'>tui</span> 
     </span>
     <span class='ocr_line' id='line_1_40' title="bbox 443 4328 1344 4413; baseline -0.002 -19"><span class='ocrx_word' id='word_1_316' title='bbox 443 4328 596 4394; x_wconf 91' lang='lat' dir='ltr'>concedis</span> <span class='ocrx_word' id='word_1_317' title='bbox 611 4328 763 4394; x_wconf 90' lang='lat' dir='ltr'>natalitia</span> <span class='ocrx_word' id='word_1_318' title='bbox 777 4329 907 4413; x_wconf 87' lang='lat' dir='ltr'>perfrui,</span> <span class='ocrx_word' id='word_1_319' title='bbox 925 4329 995 4394; x_wconf 91' lang='lat' dir='ltr'>eius</span> <span class='ocrx_word' id='word_1_320' title='bbox 1011 4349 1071 4394; x_wconf 92' lang='lat' dir='ltr'>nos</span> <span class='ocrx_word' id='word_1_321' title='bbox 1089 4329 1197 4394; x_wconf 87' lang='lat' dir='ltr'>tribue</span> <span class='ocrx_word' id='word_1_322' title='bbox 1219 4329 1344 4395; x_wconf 90' lang='lat' dir='ltr'>meritis</span> 
     </span>
     <span class='ocr_line' id='line_1_41' title="bbox 444 4427 1084 4495; baseline 0 -3"><span class='ocrx_word' id='word_1_323' title='bbox 444 4427 602 4495; x_wconf 90' lang='lat' dir='ltr'>adiuuari.</span> <span class='ocrx_word' id='word_1_324' title='bbox 649 4429 711 4493; x_wconf 91' lang='lat' dir='ltr'>Per</span> <span class='ocrx_word' id='word_1_325' title='bbox 724 4429 896 4494; x_wconf 91' lang='lat' dir='ltr'>dominum</span> <span class='ocrx_word' id='word_1_326' title='bbox 912 4437 1084 4494; x_wconf 75' lang='lat' dir='ltr'>nostrum.t</span> 
     </span>
    </p>
   </div>
   <div class='ocr_carea' id='block_1_29' title="bbox 444 4602 2300 5694">
    <p class='ocr_par' dir='ltr' id='par_1_29' title="bbox 444 4602 2300 5694">
     <span class='ocr_line' id='line_1_42' title="bbox 822 4602 966 4669; baseline 0.014 -2"><span class='ocrx_word' id='word_1_327' title='bbox 822 4602 966 4669; x_wconf 83' lang='lat' dir='ltr'>Secreta.</span> 
     </span>
     <span class='ocr_line' id='line_1_43' title="bbox 1298 4690 2299 4758; baseline 0.001 -14"><span class='ocrx_word' id='word_1_328' title='bbox 1298 4729 1307 4744; x_wconf 90' lang='lat'>.</span> <span class='ocrx_word' id='word_1_329' title='bbox 1430 4690 1439 4720; x_wconf 95' lang='lat'><strong>¹</strong></span> <span class='ocrx_word' id='word_1_330' title='bbox 1455 4691 1584 4758; x_wconf 77' lang='lat' dir='ltr'>Prasattb.</span> <span class='ocrx_word' id='word_1_331' title='bbox 1606 4691 1638 4744; x_wconf 90' lang='lat' dir='ltr'>U.</span> <span class='ocrx_word' id='word_1_332' title='bbox 1650 4691 1685 4741; x_wconf 90' lang='lat' dir='ltr'>D.</span> <span class='ocrx_word' id='word_1_333' title='bbox 1708 4691 1786 4742; x_wconf 86' lang='lat' dir='ltr'>Cuius</span> <span class='ocrx_word' id='word_1_334' title='bbox 1796 4692 1879 4758; x_wconf 82' lang='lat' dir='ltr'>gratia</span> <span class='ocrx_word' id='word_1_335' title='bbox 1889 4691 1990 4742; x_wconf 83' lang='lat' dir='ltr'>beatum</span> <span class='ocrx_word' id='word_1_336' title='bbox 2006 4692 2160 4744; x_wconf 80' lang='lat' dir='ltr'>saturninum</span> <span class='ocrx_word' id='word_1_337' title='bbox 2177 4694 2202 4744; x_wconf 88' lang='lat' dir='ltr'>in</span> <span class='ocrx_word' id='word_1_338' title='bbox 2219 4709 2299 4746; x_wconf 76' lang='lat' dir='ltr'>moer·</span> 
     </span>
     <span class='ocr_line' id='line_1_44' title="bbox 1298 4749 2296 4840; baseline 0.002 -18"><span class='ocrx_word' id='word_1_339' title='bbox 1298 4749 1346 4794; x_wconf 60' lang='grc' dir='ltr'>ω’</span> <span class='ocrx_word' id='word_1_340' title='bbox 1396 4771 1493 4822; x_wconf 89' lang='lat' dir='ltr'>dotium</span> <span class='ocrx_word' id='word_1_341' title='bbox 1504 4772 1588 4836; x_wconf 84' lang='lat' dir='ltr'>elegit,</span> <span class='ocrx_word' id='word_1_342' title='bbox 1600 4771 1715 4822; x_wconf 75' lang='lat' dir='ltr'>doctrine</span> <span class='ocrx_word' id='word_1_343' title='bbox 1729 4771 1762 4820; x_wconf 80' lang='lat' dir='ltr'>ad</span> <span class='ocrx_word' id='word_1_344' title='bbox 1773 4771 1956 4837; x_wconf 68' lang='lat' dir='ltr'>predicandum</span> <span class='ocrx_word' id='word_1_345' title='bbox 1966 4771 2064 4830; x_wconf 87' lang='lat' dir='ltr'>emdiit,</span> <span class='ocrx_word' id='word_1_346' title='bbox 2078 4774 2189 4838; x_wconf 75' lang='lat' dir='ltr'>potentia</span> <span class='ocrx_word' id='word_1_347' title='bbox 2199 4773 2231 4824; x_wconf 81' lang='lat' dir='ltr'>ad</span> <span class='ocrx_word' id='word_1_348' title='bbox 2242 4790 2296 4840; x_wconf 90' lang='lat' dir='ltr'>per·</span> 
     </span>
     <span class='ocr_line' id='line_1_45' title="bbox 1397 4849 2299 4917; baseline 0.001 -15"><span class='ocrx_word' id='word_1_349' title='bbox 1397 4851 1558 4902; x_wconf 69' lang='lat' dir='ltr'>moerendum</span> <span class='ocrx_word' id='word_1_350' title='bbox 1573 4849 1744 4907; x_wconf 75' lang='lat' dir='ltr'>confirmauiti</span> <span class='ocrx_word' id='word_1_351' title='bbox 1761 4857 1788 4900; x_wconf 88' lang='lat' dir='ltr'>ut</span> <span class='ocrx_word' id='word_1_352' title='bbox 1800 4865 1844 4916; x_wconf 90' lang='lat' dir='ltr'>per</span> <span class='ocrx_word' id='word_1_353' title='bbox 1854 4849 2033 4900; x_wconf 81' lang='lat' dir='ltr'>sacerdotalem</span> <span class='ocrx_word' id='word_1_354' title='bbox 2044 4851 2148 4900; x_wconf 80' lang='lat' dir='ltr'>infulam</span> <span class='ocrx_word' id='word_1_355' title='bbox 2160 4853 2299 4917; x_wconf 86' lang='lat' dir='ltr'>perueniret</span> 
     </span>
     <span class='ocr_line' id='line_1_46' title="bbox 478 4918 2300 4994; baseline 0.001 -25"><span class='ocrx_word' id='word_1_356' title='bbox 478 4919 568 4970; x_wconf 85' lang='lat' dir='ltr'>¹This</span> <span class='ocrx_word' id='word_1_357' title='bbox 584 4919 606 4970; x_wconf 88' lang='lat' dir='ltr'>is</span> <span class='ocrx_word' id='word_1_358' title='bbox 623 4918 666 4971; x_wconf 90' lang='lat' dir='ltr'>the</span> <span class='ocrx_word' id='word_1_359' title='bbox 683 4921 728 4970; x_wconf 81' lang='lat' dir='ltr'>Ad</span> <span class='ocrx_word' id='word_1_360' title='bbox 741 4921 826 4985; x_wconf 80' lang='lat' dir='ltr'>compl.</span> <span class='ocrx_word' id='word_1_361' title='bbox 842 4920 868 4970; x_wconf 85' lang='lat' dir='ltr'>in</span> <span class='ocrx_word' id='word_1_362' title='bbox 885 4921 913 4970; x_wconf 91' lang='lat' dir='ltr'>Z.</span> <span class='ocrx_word' id='word_1_363' title='bbox 945 4921 996 4971; x_wconf 87' lang='lat' dir='ltr'>Sec.</span> <span class='ocrx_word' id='word_1_364' title='bbox 1024 4920 1130 4970; x_wconf 83' lang='lat' dir='ltr'>Munera</span> <span class='ocrx_word' id='word_1_365' title='bbox 1146 4919 1202 4980; x_wconf 90' lang='lat' dir='ltr'>tibi,</span> <span class='ocrx_word' id='word_1_366' title='bbox 1219 4919 1285 4981; x_wconf 88' lang='lat' dir='ltr'>dne.,&#39;</span> <span class='ocrx_word' id='word_1_367' title='bbox 1301 4935 1347 4986; x_wconf 90' lang='lat' dir='ltr'>pro</span> <span class='ocrx_word' id='word_1_368' title='bbox 1398 4930 1430 4979; x_wconf 57' lang='lat' dir='ltr'>gd</span> <span class='ocrx_word' id='word_1_369' title='bbox 1446 4929 1558 4993; x_wconf 67' lang='lat' dir='ltr'>martyrii</span> <span class='ocrx_word' id='word_1_370' title='bbox 1573 4928 1698 4994; x_wconf 63' lang='lat' dir='ltr'>palmam</span> <span class='ocrx_word' id='word_1_371' title='bbox 1714 4928 1854 4992; x_wconf 70' lang='lat' dir='ltr'>doemsque</span> <span class='ocrx_word' id='word_1_372' title='bbox 1869 4927 1983 4977; x_wconf 82' lang='lat' dir='ltr'>subditos</span> <span class='ocrx_word' id='word_1_373' title='bbox 1997 4927 2163 4992; x_wconf 64' lang='lat' dir='ltr'>praedicando,</span> <span class='ocrx_word' id='word_1_374' title='bbox 2177 4930 2300 4980; x_wconf 65' lang='lat' dir='ltr'>instruens</span> 
     </span>
     <span class='ocr_line' id='line_1_47' title="bbox 445 4996 2300 5069; baseline -0.002 -23"><span class='ocrx_word' id='word_1_375' title='bbox 445 5002 538 5046; x_wconf 79' lang='lat' dir='ltr'>sanctae</span> <span class='ocrx_word' id='word_1_376' title='bbox 547 4996 673 5048; x_wconf 79' lang='lat' dir='ltr'>felicitatis</span> <span class='ocrx_word' id='word_1_377' title='bbox 681 4996 792 5062; x_wconf 83' lang='lat' dir='ltr'>gloriosa</span> <span class='ocrx_word' id='word_1_378' title='bbox 800 4997 1037 5048; x_wconf 84' lang='lat' dir='ltr'>commemoratione</span> <span class='ocrx_word' id='word_1_379' title='bbox 1044 4997 1183 5054; x_wconf 86' lang='lat' dir='ltr'>deserimus.</span> <span class='ocrx_word' id='word_1_380' title='bbox 1191 4997 1348 5048; x_wconf 84' lang='lat' dir='ltr'>obsecrantes</span> <span class='ocrx_word' id='word_1_381' title='bbox 1398 5002 1499 5054; x_wconf 83' lang='lat' dir='ltr'>uiuendi</span> <span class='ocrx_word' id='word_1_382' title='bbox 1514 5001 1635 5068; x_wconf 82' lang='lat' dir='ltr'>exemplo,</span> <span class='ocrx_word' id='word_1_383' title='bbox 1651 5001 1798 5052; x_wconf 82' lang='lat' dir='ltr'>confirmans</span> <span class='ocrx_word' id='word_1_384' title='bbox 1809 5003 1934 5067; x_wconf 77' lang='lat' dir='ltr'>patiendo,</span> <span class='ocrx_word' id='word_1_385' title='bbox 1946 5009 1974 5052; x_wconf 89' lang='lat' dir='ltr'>ut</span> <span class='ocrx_word' id='word_1_386' title='bbox 1989 5002 2023 5052; x_wconf 84' lang='lat' dir='ltr'>ad</span> <span class='ocrx_word' id='word_1_387' title='bbox 2039 5008 2065 5052; x_wconf 87' lang='lat' dir='ltr'>te</span> <span class='ocrx_word' id='word_1_388' title='bbox 2078 5004 2231 5053; x_wconf 78' lang='lat' dir='ltr'>coronandus</span> <span class='ocrx_word' id='word_1_389' title='bbox 2245 5020 2300 5069; x_wconf 70' lang='lat' dir='ltr'>per.</span> 
     </span>
     <span class='ocr_line' id='line_1_48' title="bbox 444 5077 2300 5146; baseline 0.002 -18"><span class='ocrx_word' id='word_1_390' title='bbox 444 5085 473 5130; x_wconf 88' lang='lat' dir='ltr'>ut</span> <span class='ocrx_word' id='word_1_391' title='bbox 491 5093 548 5144; x_wconf 86' lang='lat' dir='ltr'>quae</span> <span class='ocrx_word' id='word_1_392' title='bbox 563 5079 638 5128; x_wconf 88' lang='lat' dir='ltr'>nobis</span> <span class='ocrx_word' id='word_1_393' title='bbox 649 5078 723 5128; x_wconf 84' lang='lat' dir='ltr'>buius</span> <span class='ocrx_word' id='word_1_394' title='bbox 738 5077 931 5144; x_wconf 84' lang='lat' dir='ltr'>sollempnitatis</span> <span class='ocrx_word' id='word_1_395' title='bbox 946 5077 1059 5128; x_wconf 77' lang='lat' dir='ltr'>effectum</span> <span class='ocrx_word' id='word_1_396' title='bbox 1072 5085 1098 5128; x_wconf 84' lang='lat' dir='ltr'>et</span> <span class='ocrx_word' id='word_1_397' title='bbox 1113 5077 1266 5128; x_wconf 83' lang='lat' dir='ltr'>consessione</span> <span class='ocrx_word' id='word_1_398' title='bbox 1280 5077 1349 5128; x_wconf 88' lang='lat' dir='ltr'>dedi·</span> <span class='ocrx_word' id='word_1_399' title='bbox 1398 5081 1500 5141; x_wconf 86' lang='lat' dir='ltr'>ueniret,</span> <span class='ocrx_word' id='word_1_400' title='bbox 1522 5081 1566 5146; x_wconf 92' lang='lat' dir='ltr'>qui</span> <span class='ocrx_word' id='word_1_401' title='bbox 1583 5085 1768 5146; x_wconf 86' lang='lat' dir='ltr'>persecutorum</span> <span class='ocrx_word' id='word_1_402' title='bbox 1787 5079 1868 5129; x_wconf 80' lang='lat' dir='ltr'>minas</span> <span class='ocrx_word' id='word_1_403' title='bbox 1887 5079 2023 5144; x_wconf 88' lang='lat' dir='ltr'>intrepidus</span> <span class='ocrx_word' id='word_1_404' title='bbox 2042 5089 2189 5145; x_wconf 80' lang='lat' dir='ltr'>superasset.</span> <span class='ocrx_word' id='word_1_405' title='bbox 2222 5081 2300 5132; x_wconf 85' lang='lat' dir='ltr'>Cuius</span> 
     </span>
     <span class='ocr_line' id='line_1_49' title="bbox 445 5157 2300 5226; baseline 0.001 -16"><span class='ocrx_word' id='word_1_406' title='bbox 445 5159 513 5210; x_wconf 83' lang='lat' dir='ltr'>cauit</span> <span class='ocrx_word' id='word_1_407' title='bbox 524 5167 549 5210; x_wconf 89' lang='lat' dir='ltr'>et</span> <span class='ocrx_word' id='word_1_408' title='bbox 561 5159 688 5224; x_wconf 81' lang='lat' dir='ltr'>sanguine,</span> <span class='ocrx_word' id='word_1_409' title='bbox 701 5159 867 5210; x_wconf 76' lang='lat' dir='ltr'>miserationis</span> <span class='ocrx_word' id='word_1_410' title='bbox 883 5173 982 5225; x_wconf 84' lang='lat' dir='ltr'>quoque</span> <span class='ocrx_word' id='word_1_411' title='bbox 996 5157 1140 5210; x_wconf 89' lang='lat' dir='ltr'>continuum</span> <span class='ocrx_word' id='word_1_412' title='bbox 1151 5157 1267 5223; x_wconf 88' lang='lat' dir='ltr'>imploret</span> <span class='ocrx_word' id='word_1_413' title='bbox 1281 5157 1348 5208; x_wconf 86' lang='lat' dir='ltr'>auxi-</span> <span class='ocrx_word' id='word_1_414' title='bbox 1398 5159 1550 5208; x_wconf 88' lang='lat' dir='ltr'>interuentus</span> <span class='ocrx_word' id='word_1_415' title='bbox 1561 5173 1607 5207; x_wconf 89' lang='lat' dir='ltr'>nos</span> <span class='ocrx_word' id='word_1_416' title='bbox 1619 5172 1716 5223; x_wconf 84' lang='lat' dir='ltr'>quoque</span> <span class='ocrx_word' id='word_1_417' title='bbox 1730 5173 1746 5207; x_wconf 78' lang='lat' dir='ltr'>a</span> <span class='ocrx_word' id='word_1_418' title='bbox 1758 5157 1850 5207; x_wconf 85' lang='lat' dir='ltr'>nostris</span> <span class='ocrx_word' id='word_1_419' title='bbox 1860 5157 1962 5207; x_wconf 87' lang='lat' dir='ltr'>mundet</span> <span class='ocrx_word' id='word_1_420' title='bbox 1973 5157 2080 5214; x_wconf 87' lang='lat' dir='ltr'>delictis.</span> <span class='ocrx_word' id='word_1_421' title='bbox 2091 5159 2133 5224; x_wconf 86' lang='lat' dir='ltr'>qui</span> <span class='ocrx_word' id='word_1_422' title='bbox 2145 5159 2192 5208; x_wconf 90' lang='lat' dir='ltr'>tibi</span> <span class='ocrx_word' id='word_1_423' title='bbox 2204 5158 2300 5226; x_wconf 74' lang='lat' dir='ltr'>placuit</span> 
     </span>
     <span class='ocr_line' id='line_1_50' title="bbox 444 5236 2147 5302; baseline -0.001 -14"><span class='ocrx_word' id='word_1_424' title='bbox 444 5238 517 5289; x_wconf 88' lang='lat' dir='ltr'>lium.</span> <span class='ocrx_word' id='word_1_425' title='bbox 551 5239 606 5288; x_wconf 88' lang='lat' dir='ltr'>Per.</span> <span class='ocrx_word' id='word_1_426' title='bbox 625 5238 653 5290; x_wconf 87' lang='lat' dir='ltr'>Z.</span> <span class='ocrx_word' id='word_1_427' title='bbox 1399 5244 1439 5288; x_wconf 83' lang='lat' dir='ltr'>tot</span> <span class='ocrx_word' id='word_1_428' title='bbox 1449 5237 1572 5288; x_wconf 88' lang='lat' dir='ltr'>donorum</span> <span class='ocrx_word' id='word_1_429' title='bbox 1583 5236 1762 5301; x_wconf 71' lang='lat' dir='ltr'>praerogatiuis.</span> <span class='ocrx_word' id='word_1_430' title='bbox 1795 5236 1843 5286; x_wconf 88' lang='lat' dir='ltr'>Per</span> <span class='ocrx_word' id='word_1_431' title='bbox 1853 5251 1925 5302; x_wconf 88' lang='lat' dir='ltr'>quem</span> <span class='ocrx_word' id='word_1_432' title='bbox 1937 5237 2102 5287; x_wconf 75' lang='lat' dir='ltr'>maiestatem.</span> <span class='ocrx_word' id='word_1_433' title='bbox 2119 5237 2147 5287; x_wconf 91' lang='lat' dir='ltr'>Z.</span> 
     </span>
     <span class='ocr_line' id='line_1_51' title="bbox 477 5307 2187 5370; baseline 0.001 -5"><span class='ocrx_word' id='word_1_434' title='bbox 477 5313 649 5366; x_wconf 78' lang='lat' dir='ltr'>¹n.0siusti</span> <span class='ocrx_word' id='word_1_435' title='bbox 660 5314 827 5370; x_wconf 71' lang='lat' dir='ltr'>meditabitur.</span> <span class='ocrx_word' id='word_1_436' title='bbox 956 5325 1000 5366; x_wconf 76' lang='lat' dir='ltr'>AL.</span> <span class='ocrx_word' id='word_1_437' title='bbox 1013 5313 1101 5365; x_wconf 84' lang='lat' dir='ltr'>Gloria</span> <span class='ocrx_word' id='word_1_438' title='bbox 1113 5313 1236 5366; x_wconf 86' lang='lat' dir='ltr'>ethonor.</span> <span class='ocrx_word' id='word_1_439' title='bbox 1432 5313 1584 5364; x_wconf 80' lang='lat' dir='ltr'>²Dominus</span> <span class='ocrx_word' id='word_1_440' title='bbox 1594 5328 1664 5364; x_wconf 85' lang='lat' dir='ltr'>secus</span> <span class='ocrx_word' id='word_1_441' title='bbox 1674 5307 1751 5365; x_wconf 86' lang='lat' dir='ltr'>mare.</span> <span class='ocrx_word' id='word_1_442' title='bbox 1907 5325 1951 5364; x_wconf 77' lang='lat' dir='ltr'>or.</span> <span class='ocrx_word' id='word_1_443' title='bbox 1963 5313 2052 5365; x_wconf 75' lang='lat' dir='ltr'>Gloria</span> <span class='ocrx_word' id='word_1_444' title='bbox 2063 5321 2088 5366; x_wconf 81' lang='lat' dir='ltr'>et</span> <span class='ocrx_word' id='word_1_445' title='bbox 2098 5314 2187 5366; x_wconf 86' lang='lat' dir='ltr'>honor.</span> 
     </span>
     <span class='ocr_line' id='line_1_52' title="bbox 505 5377 2180 5458; baseline 0 -16"><span class='ocrx_word' id='word_1_446' title='bbox 505 5403 542 5442; x_wconf 78' lang='lat' dir='ltr'>es,</span> <span class='ocrx_word' id='word_1_447' title='bbox 553 5392 606 5442; x_wconf 87' lang='lat' dir='ltr'>noli</span> <span class='ocrx_word' id='word_1_448' title='bbox 616 5391 728 5444; x_wconf 71' lang='lat' dir='ltr'>emulari.</span> <span class='ocrx_word' id='word_1_449' title='bbox 956 5405 999 5446; x_wconf 76' lang='lat' dir='ltr'>os.</span> <span class='ocrx_word' id='word_1_450' title='bbox 1012 5391 1177 5446; x_wconf 85' lang='lat' dir='ltr'>Desiderium.</span> <span class='ocrx_word' id='word_1_451' title='bbox 1458 5403 1497 5442; x_wconf 72' lang='lat' dir='ltr'>rs,</span> <span class='ocrx_word' id='word_1_452' title='bbox 1509 5391 1571 5444; x_wconf 84' lang='lat' dir='ltr'>Caeli</span> <span class='ocrx_word' id='word_1_453' title='bbox 1582 5377 1703 5442; x_wconf 72' lang='lat' dir='ltr'>merram</span> <span class='ocrx_word' id='word_1_454' title='bbox 1907 5403 1952 5443; x_wconf 79' lang='lat' dir='ltr'>co,</span> <span class='ocrx_word' id='word_1_455' title='bbox 1963 5391 2053 5442; x_wconf 86' lang='lat' dir='ltr'>Uenite</span> <span class='ocrx_word' id='word_1_456' title='bbox 2062 5400 2120 5458; x_wconf 88' lang='lat' dir='ltr'>post</span> <span class='ocrx_word' id='word_1_457' title='bbox 2131 5409 2180 5444; x_wconf 89' lang='lat' dir='ltr'>me.</span> 
     </span>
     <span class='ocr_line' id='line_1_53' title="bbox 505 5469 2234 5544; baseline 0.002 -24"><span class='ocrx_word' id='word_1_458' title='bbox 505 5481 531 5520; x_wconf 77' lang='lat' dir='ltr'>tt.</span> <span class='ocrx_word' id='word_1_459' title='bbox 544 5470 632 5520; x_wconf 83' lang='lat' dir='ltr'>Inueni</span> <span class='ocrx_word' id='word_1_460' title='bbox 643 5471 728 5522; x_wconf 79' lang='lat' dir='ltr'>dauid.</span> <span class='ocrx_word' id='word_1_461' title='bbox 956 5483 1000 5524; x_wconf 86' lang='lat' dir='ltr'>co.</span> <span class='ocrx_word' id='word_1_462' title='bbox 1013 5471 1107 5538; x_wconf 77' lang='lat' dir='ltr'>Magne</span> <span class='ocrx_word' id='word_1_463' title='bbox 1118 5478 1164 5524; x_wconf 75' lang='lat' dir='ltr'>est</span> <span class='ocrx_word' id='word_1_464' title='bbox 1459 5483 1486 5522; x_wconf 82' lang='lat' dir='ltr'>tt.</span> <span class='ocrx_word' id='word_1_465' title='bbox 1498 5470 1582 5520; x_wconf 88' lang='lat' dir='ltr'>Nimis</span> <span class='ocrx_word' id='word_1_466' title='bbox 1592 5469 1717 5544; x_wconf 64' lang='lat' dir='ltr'>honorati</span> <span class='ocrx_word' id='word_1_467' title='bbox 1909 5471 1963 5534; x_wconf 70' lang='grc' dir='ltr'>(ΕΡ.</span> <span class='ocrx_word' id='word_1_468' title='bbox 1975 5470 2119 5521; x_wconf 88' lang='lat' dir='ltr'>Benedictio</span> <span class='ocrx_word' id='word_1_469' title='bbox 2129 5470 2234 5524; x_wconf 84' lang='lat' dir='ltr'>domini.</span> 
     </span>
     <span class='ocr_line' id='line_1_54' title="bbox 504 5546 2206 5614; baseline 0.006 -20"><span class='ocrx_word' id='word_1_470' title='bbox 504 5557 532 5597; x_wconf 88' lang='lat' dir='ltr'>v.</span> <span class='ocrx_word' id='word_1_471' title='bbox 543 5546 606 5596; x_wconf 88' lang='lat' dir='ltr'>nibil</span> <span class='ocrx_word' id='word_1_472' title='bbox 617 5547 739 5613; x_wconf 84' lang='lat' dir='ltr'>proficiet.</span> <span class='ocrx_word' id='word_1_473' title='bbox 1306 5583 1309 5590; x_wconf 81' lang='lat'>·</span> <span class='ocrx_word' id='word_1_474' title='bbox 1457 5560 1485 5600; x_wconf 82' lang='lat' dir='ltr'>v.</span> <span class='ocrx_word' id='word_1_475' title='bbox 1496 5547 1677 5602; x_wconf 84' lang='lat' dir='ltr'>Dinumerabo.</span> <span class='ocrx_word' id='word_1_476' title='bbox 1908 5560 1955 5602; x_wconf 87' lang='lat' dir='ltr'>rrv.</span> <span class='ocrx_word' id='word_1_477' title='bbox 1966 5547 2055 5602; x_wconf 71' lang='lat' dir='ltr'>Stabat</span> <span class='ocrx_word' id='word_1_478' title='bbox 2064 5548 2206 5614; x_wconf 74' lang='lat' dir='ltr'>iohannes).</span> 
     </span>
     <span class='ocr_line' id='line_1_55' title="bbox 506 5624 2051 5694; baseline 0.001 -4"><span class='ocrx_word' id='word_1_479' title='bbox 506 5624 686 5690; x_wconf 62' lang='lat' dir='ltr'>Opts-2·</span> <span class='ocrx_word' id='word_1_480' title='bbox 1434 5626 1638 5694; x_wconf 74' lang='lat' dir='ltr'>⁸0·s·sst·2·</span> <span class='ocrx_word' id='word_1_481' title='bbox 2049 5638 2051 5648; x_wconf 90' lang='lat'>·</span> 
     </span>
    </p>
   </div>
   <div class='ocr_carea' id='block_1_30' title="bbox 489 4727 1277 4808">
    <p class='ocr_par' dir='ltr' id='par_1_30' title="bbox 489 4727 1277 4808">
     <span class='ocr_line' id='line_1_56' title="bbox 489 4727 1277 4808; baseline 0.001 -15"><span class='ocrx_word' id='word_1_482' title='bbox 489 4729 638 4806; x_wconf 89' lang='lat' dir='ltr'>Munera,</span> <span class='ocrx_word' id='word_1_483' title='bbox 657 4728 800 4804; x_wconf 88' lang='lat' dir='ltr'>domine,</span> <span class='ocrx_word' id='word_1_484' title='bbox 819 4728 880 4795; x_wconf 91' lang='lat' dir='ltr'>tibi</span> <span class='ocrx_word' id='word_1_485' title='bbox 903 4729 1015 4793; x_wconf 92' lang='lat' dir='ltr'>dicata</span> <span class='ocrx_word' id='word_1_486' title='bbox 1035 4727 1213 4808; x_wconf 89' lang='lat' dir='ltr'>sanctifica,</span> <span class='ocrx_word' id='word_1_487' title='bbox 1232 4735 1277 4806; x_wconf 91' lang='lat' dir='ltr'>et,</span> 
     </span>
    </p>
   </div>
   <div class='ocr_carea' id='block_1_31' title="bbox 0 0 2596 6610">
    <p class='ocr_par' dir='ltr' id='par_1_31' title="bbox 0 0 2596 6610">
     <span class='ocr_line' id='line_1_57' title="bbox 0 0 2596 6610; baseline 0 0"><span class='ocrx_word' id='word_1_488' title='bbox 0 0 2596 6610; x_wconf 95' lang='lat' dir='ltr'> </span> 
     </span>
    </p>
   </div>
  </div>
 </body>
</html>
