5122 6610
430 587 498 678 138
572 587 620 673 ᾖ.
640 583 809 686 iuliane]
825 583 1006 689 [badebir
1023 589 1073 678 ὦ.
1092 591 1195 686 {Bitu

448 835 568 901 stetu
582 835 642 901 iul.
655 853 727 902 nat.
761 837 875 903 tinuit
889 845 996 904 sanun
1009 841 1124 907 tubane
1136 844 1299 926 metipsis&

477 967 700 1054 Omnipotens
733 970 935 1055 sempiterne
972 975 1064 1052 deus,
1100 977 1157 1060 qui
1194 977 1326 1045 infirma

424 1069 539 1134 mundi
552 1069 646 1154 eligis
661 1080 699 1136 ut
710 1069 808 1136 fortia
823 1092 953 1156 queque
968 1074 1160 1152 confundas,
1173 1079 1217 1142 da
1231 1081 1325 1144 nobis

425 1169 458 1232 in
473 1168 654 1236 sestiuitate
668 1180 791 1236 sanctae
814 1170 1015 1260 martyre(is)
1030 1182 1097 1240 tuae
1112 1177 1233 1260 iuliane
1248 1199 1325 1244 con·

424 1287 507 1352 grua
521 1269 699 1334 deuotione
713 1273 868 1355 gaudere,
880 1283 918 1338 ut
933 1283 967 1339 et
982 1276 1167 1358 potentiam
1182 1285 1276 1342 tuam
1291 1279 1325 1342 in

424 1368 494 1433 eius
517 1371 670 1452 passione
692 1371 876 1448 laudemus,
895 1382 928 1438 et
944 1374 1114 1456 prouisum
1137 1377 1232 1442 nobis
1251 1399 1324 1462 per·

424 1467 585 1552 cipiamus
600 1470 771 1537 auxilium.
816 1471 879 1537 Per
894 1473 1096 1540 dominum².

802 1617 944 1686 Secreta.

467 1741 508 1806 In
538 1752 664 1808 sanctae
691 1741 894 1830 martyre(is)
920 1754 987 1810 tuae
1015 1745 1139 1812 iuliane
1168 1749 1324 1831 passione

423 1845 567 1924 pretiosa
589 1854 632 1923 te,
651 1845 794 1924 domine,
810 1846 995 1911 mirabilem
1017 1847 1225 1930 predicantes
1248 1869 1321 1912 mu-

422 1961 502 2006 nera
531 1943 644 2008 uotiua
673 1943 862 2009 deferimus.
909 1946 1042 2021 Praesta,
1069 1967 1258 2029 quesumus,
1285 1957 1323 2013 ut

422 2042 507 2107 sicut
522 2043 591 2107 eius
606 2043 667 2108 tibi
689 2053 785 2128 grata
806 2054 884 2108 sunt
906 2047 1034 2122 merita,
1050 2047 1097 2112 sic
1118 2057 1240 2113 nostrae
1255 2067 1323 2113 ser·

422 2141 537 2207 uitutis
551 2153 690 2227 accepta
703 2145 884 2211 reddantur
898 2146 1014 2211 officia.
1061 2147 1124 2211 Per
1132 2145 1155 2212 ³.

720 2294 781 2360 Ad
797 2295 1025 2379 compkndum.

466 2420 637 2499 Libantcs,
652 2421 796 2498 domine,
814 2443 927 2487 mense
947 2430 1016 2487 tuae
1036 2422 1136 2490 beata
1154 2425 1322 2508 mysteria,

422 2541 609 2605 quesumus,
625 2531 663 2586 ut
677 2531 799 2587 sanctae
814 2521 936 2589 iuliane
960 2520 1161 2611 martyre(is)
1184 2533 1251 2589 tuae
1272 2525 1322 2587 in-

422 2621 684 2686 teruentionibus
712 2621 930 2706 temporalem
957 2633 991 2687 et
1013 2633 1200 2708 presentem
1227 2624 1323 2688 nobis

422 2721 679 2788 misericordiam
695 2723 866 2790 conserant
882 2734 917 2790 et
931 2733 1100 2790 aeternam.
1145 2724 1208 2789 Per
1216 2721 1238 2789 ⁴.

453 2958 566 3026 utut.
580 2959 639 3025 iu
652 2977 738 3025 mart.
773 2957 924 3038 liutbtus
939 2960 1036 3026 sanat
1048 2960 1123 3043 petri
1138 2961 1294 3042 apostulis

465 3094 568 3174 Deus,
591 3093 647 3176 qui
677 3093 777 3159 beato
806 3103 902 3178 petro
925 3093 1078 3179 apostolo
1100 3102 1158 3160 tuo
1180 3093 1321 3159 conlatis

423 3193 570 3260 clauibus
584 3193 675 3278 regni
691 3193 832 3258 caelestis
847 3195 976 3258 animas
996 3194 1120 3278 ligandi
1139 3202 1241 3277 atque
1255 3193 1320 3259 sol·

422 3295 523 3360 uendi
541 3293 745 3380 pontificium
763 3294 937 3374 tradidisti,
952 3296 1096 3360 concede
1112 3303 1150 3359 ut
1164 3295 1318 3359 interces-

421 3395 523 3460 sionis
559 3395 628 3459 eius
665 3395 791 3460 auxilio
827 3416 849 3460 a
881 3404 1093 3477 peccatorum
1131 3403 1318 3459 nostrorum

422 3495 565 3560 nexibus
579 3492 765 3560 liberemur.
809 3494 873 3558 Per
881 3493 904 3560 ⁶.

796 3643 939 3711 Secreta.

466 3773 625 3839 Ecclesiae
655 3785 721 3839 tuae
754 3793 868 3859 preces
902 3783 936 3840 et
965 3772 1101 3851 hostias,
1131 3794 1319 3857 quesumus,

422 3874 564 3950 domine,
587 3873 676 3939 beati
700 3874 785 3958 petri
807 3873 949 3958 apostoli
972 3875 1184 3938 commendet
1205 3875 1320 3953 oratio,

422 3983 460 4037 ut
474 3973 563 4059 quod
578 3994 639 4057 pro
653 3971 740 4039 illius
759 3975 864 4059 gloria
882 3973 1087 4039 celebramus
1107 3973 1202 4038 nobis
1217 3974 1320 4058 prosit

421 4073 464 4138 ad
481 4074 622 4138 ueniam.
668 4073 730 4138 Per
738 4073 760 4139 ⁷.

786 4223 961 4308 Proefatio.

466 4349 510 4434 U.
527 4350 571 4414 D.
586 4358 709 4414 aeteme
724 4348 815 4415 deus.
861 4350 908 4416 Et
925 4360 960 4416 te
977 4349 1111 4415 laudare
1134 4349 1319 4416 mirabilem

422 4450 521 4515 deum
546 4451 580 4515 in
608 4451 731 4516 sanctis
755 4449 829 4527 tuis,
853 4451 1028 4534 inquibus
1056 4449 1259 4535 glorificatus
1282 4473 1319 4517 es

453 4642 461 4672 ¹
478 4655 504 4694 Α.
516 4641 656 4708 Loquebar.

480 4733 518 4774 Ps.
529 4721 601 4771 Beati
613 4715 766 4772 inmaculati.

480 4811 506 4850 a.
517 4799 605 4866 Specie
615 4807 666 4852 tm.

480 4891 506 4930 v.
519 4880 624 4945 Propter
635 4879 773 4930 ueritatem.

479 4970 524 5009 nn.
536 4958 586 5022 Qui
597 4957 725 5010 seminant

451 5035 461 5068 ¹
478 5036 535 5088 Gel.
546 5053 571 5102 p.
583 5035 639 5100 641.
654 5037 681 5086 Z.

453 5117 463 5148 ⁵
479 5127 523 5166 ar.
534 5116 609 5166 Nunc
621 5115 680 5175 scio,
692 5129 777 5180 usque.
789 5151 793 5160 .

480 5207 506 5245 Α.
518 5193 610 5246 Statuit
620 5194 646 5243 ei
656 5193 779 5244 dominns.

481 5285 517 5324 es,
528 5271 721 5324 nfiaencordias

480 5365 505 5402 n.
518 5351 666 5403 Constitues.

480 5442 507 5480 v.
518 5430 567 5480 Pro
579 5430 698 5494 patribus.

480 5521 524 5559 Tit.
537 5509 628 5558 Beatus
638 5508 683 5558 nir.

481 5598 507 5637 v.
518 5586 610 5637 Potens
621 5587 646 5638 iu
658 5595 731 5638 terra.

452 5665 462 5697 ⁸
479 5665 508 5716 E.
520 5681 546 5732 p.
557 5679 597 5730 50.

926 4654 952 4694 v.
965 4643 1059 4692 Euntes
1070 4641 1150 4694 ibant.

927 4732 953 4770 v.
964 4721 1097 4772 Uenientes
1109 4729 1200 4773 antem

927 4811 970 4852 or.
981 4799 1129 4852 offerentur.

926 4889 969 4930 co.
982 4877 1080 4930 Diffusa
1090 4885 1128 4930 est
1138 4878 1228 4944 gratia

867 5035 878 5065 ¹
893 5033 932 5086 Ib.
942 5036 969 5086 Z.
1149 5035 1160 5065 ⁴
1176 5035 1214 5088 lb.
1223 5035 1251 5085 Z.

926 5125 952 5164 v.
964 5113 1053 5165 Gloria
1063 5121 1088 5165 et
1099 5112 1202 5166 diuitiae.

926 5203 969 5243 or.
981 5191 1130 5243 Constitues.

925 5281 969 5321 co,
982 5269 1022 5320 Tu
1033 5287 1060 5322 es
1071 5278 1165 5338 petrus.

926 5351 980 5412 (ne.
992 5349 1079 5400 Petrus
1088 5349 1219 5416 apostolus
1230 5347 1316 5401 christi

990 5428 1070 5479 ihesu.

926 5521 970 5558 nn.
982 5506 1023 5557 Tu
1034 5523 1061 5558 es
1071 5513 1162 5573 petrus.

830 5611 832 5617 v
926 5598 970 5638 au.
983 5586 1058 5637 Venit
1069 5585 1152 5638 ihesus
1162 5586 1188 5638 in
1200 5587 1305 5652 partes.)

1024 5663 1033 5696 ¹
1051 5663 1090 5716 lb.

1710 597 1759 686 s.
1777 600 1943 687 flaute

1378 795 1600 877 uehementer,
1613 819 1673 882 per
1682 820 1767 882 quos
1782 801 1940 884 unigeniti
1953 801 2001 867 tui
2016 821 2145 868 sacrum
2158 823 2275 888 corpus

1379 918 1530 978 exornas,
1548 909 1583 965 et
1604 901 1638 964 in
1661 900 1780 983 quibus
1802 902 1950 966 ecclesiae
1971 912 2039 969 tuae
2059 903 2276 972 fundamenta

1376 998 1556 1078 constituis,
1572 998 1683 1082 Quam
1706 1001 1740 1064 in
1762 1001 1956 1083 patriarchis
1974 1001 2128 1080 fundasti,
2145 1005 2178 1068 in
2199 1025 2275 1090 pro·

1377 1095 1487 1180 phetis
1516 1100 1706 1181 preparasti,
1735 1100 1769 1163 in
1799 1101 1957 1183 apostolis
1986 1102 2172 1168 condidisti.
2217 1103 2273 1168 Ex

1377 1196 1497 1278 quibus
1517 1197 1653 1262 beatum
1675 1207 1807 1283 petrum
1833 1200 2061 1284 apostolorum
2083 1203 2273 1287 principem,

1376 1296 1420 1361 ob
1436 1296 1674 1363 consessionem
1690 1298 1849 1382 unigeniti
1866 1299 1923 1365 filii
1938 1302 1996 1379 tui,
2004 1322 2064 1385 per
2075 1323 2113 1367 os
2128 1303 2273 1368 eiusdem

1376 1397 1468 1461 uerbi
1495 1397 1736 1476 confirmatum,
1759 1400 1794 1464 in
1816 1399 2032 1466 fundamento
2055 1402 2175 1467 domus
2196 1413 2273 1476 tuae,

1377 1505 1505 1562 mutato
1531 1499 1674 1573 nomine,
1698 1501 1880 1566 caelestium
1910 1500 2127 1566 claustrorum
2151 1523 2275 1588 praesu·

1377 1595 1443 1660 lem
1471 1598 1711 1681 custodemque
1740 1598 1857 1676 iecisti,
1883 1600 2007 1665 Diuino
2037 1602 2068 1666 ei
2098 1601 2168 1666 iure
2197 1622 2274 1666 con·

1376 1715 1479 1768 cesso,
1495 1706 1533 1762 ut
1551 1717 1627 1780 quae
1650 1699 1822 1763 statuisset
1843 1699 1876 1763 in
1898 1699 1992 1764 terris
2012 1710 2219 1766 seruarentur
2240 1701 2274 1765 in

1376 1794 1474 1860 caelis.
1520 1796 1560 1859 In
1576 1797 1668 1860 cuius
1683 1799 1894 1863 ueneratione
1909 1797 2069 1863 hodierna
2084 1799 2138 1864 die
2154 1801 2272 1864 maies-

1375 1895 1436 1959 tati
1459 1904 1516 1977 ως
1538 1893 1611 1959 haec
1634 1895 1719 1961 festa
1739 1897 1966 1981 persoluimus,
1981 1907 2015 1962 et
2033 1900 2213 1982 gratiarum
2235 1920 2273 1964 ac

1374 1993 1481 2060 laudis
1505 1994 1649 2061 hostiam
1676 1997 1897 2062 immolamus.
1944 1999 2007 2063 Per
2030 2019 2131 2083 quern
2157 1998 2273 2063 maies-

1374 2103 1480 2161 tatem
1490 2094 1513 2160 1.

1667 2182 1731 2246 Ad
1748 2183 1977 2267 complendum.

1417 2305 1582 2372 Laetificet
1613 2329 1683 2387 nos,
1714 2308 1858 2386 domine,
1891 2330 2009 2374 munus
2046 2310 2205 2389 oblatum,
2234 2321 2273 2377 ut

1373 2403 1457 2470 sicut
1473 2407 1507 2471 In
1529 2409 1682 2490 apostolo
1704 2418 1762 2473 tuo
1785 2418 1880 2492 petro
1902 2418 1938 2474 te
1960 2409 2142 2473 mirabilem
2166 2411 2273 2493 predi·

1374 2525 1497 2581 camus,
1520 2506 1566 2572 sic
1588 2507 1755 2590 perillum
1777 2517 1844 2572 tuae
1867 2529 2036 2573 sumamus
2058 2508 2271 2593 indulgentiae

1373 2604 1572 2688 largitatem.
1617 2604 1711 2672 Peri

1434 2849 1503 2918 ut.
1516 2851 1576 2918 lut.
1589 2869 1662 2919 nar.
1692 2853 1805 2919 tiatatr
1822 2855 1917 2921 sunm
1933 2855 2040 2932 muttit
2057 2855 2211 2938 succutit

1417 2985 1521 3064 Deus,
1539 2987 1595 3070 qui
1622 2987 1759 3052 beatum
1786 2987 1947 3054 mathiam
1971 2990 2196 3073 apostolorum
2219 3001 2272 3057 tu·

1373 3106 1467 3150 orum
1490 3087 1631 3172 collegio
1652 3089 1795 3167 sociasti,
1811 3089 1927 3169 tribue,
1943 3109 2130 3172 quesumus,
2145 3100 2183 3155 ut
2202 3091 2271 3156 eius

1372 3185 1613 3250 interuentione
1649 3197 1716 3253 tuae
1752 3188 1839 3253 circa
1873 3209 1934 3254 nos
1971 3189 2104 3272 pietatis
2140 3211 2270 3275 semper

1372 3284 1498 3352 uiscera
1512 3287 1703 3353 sentiamus.
1749 3287 1810 3352 Per
1819 3285 1843 3354 ⁴.

1753 3462 1892 3530 Secreta.

1413 3589 1520 3665 Deus,
1558 3587 1614 3671 qui
1650 3589 1828 3674 proditoris
1864 3598 2020 3673 apostate
2057 3591 2193 3672 ruinam,
2228 3614 2270 3658 ne

1371 3688 1598 3772 apostolorum
1626 3697 1758 3753 tuorum
1789 3710 1944 3754 numerus
1970 3700 2119 3756 sacratus
2145 3690 2270 3774 persec-

1371 3789 1462 3854 tione
1487 3797 1622 3864 careret,
1648 3788 1739 3853 beati
1766 3788 1892 3872 mathie
1915 3788 2076 3855 electione
2097 3789 2269 3874 supplesti,

1371 3889 1537 3970 presentia
1554 3908 1691 3952 munera
1708 3888 1886 3964 sanctifica,
1902 3899 1937 3954 et
1951 3909 2010 3972 per
2025 3909 2064 3954 ea
2080 3909 2139 3954 nos
2154 3890 2268 3974 gratiae

1371 3997 1439 4052 tuae
1455 3988 1576 4053 uirtute
1591 3986 1759 4052 confirma.
1805 3988 1868 4052 Per
1875 3987 1898 4052 ὅ.

1666 4151 1729 4216 Ad
1746 4151 1974 4236 complendum.

1416 4275 1549 4353 Praesta,
1571 4293 1759 4356 quesumus,
1785 4275 1995 4356 omnipotens
2024 4283 2058 4340 et
2088 4274 2268 4340 misericors

1372 4374 1462 4451 deus,
1479 4382 1517 4438 ut
1531 4393 1590 4456 per
1603 4372 1676 4438 haec
1697 4383 1812 4438 sancta
1835 4393 1910 4456 quae
1929 4375 2114 4450 sumsimus,
2129 4375 2268 4439 interue-

1404 4565 1413 4596 ¹
1428 4566 1460 4617 Ο.
1473 4581 1498 4630 p.
1512 4568 1566 4630 298.
1580 4565 1608 4614 Z.

1402 4645 1413 4676 ⁸
1429 4657 1455 4695 ru
1466 4643 1532 4694 Mihi
1544 4650 1635 4694 nutem.

1430 4735 1467 4773 es.
1480 4722 1598 4779 Domine.
1610 4720 1731 4788 probasti.

1431 4814 1457 4853 a.
1469 4801 1552 4852 Iustus
1563 4807 1591 4850 ut
1602 4799 1694 4866 palme

1957 4562 1968 4592 ¹
1983 4563 2013 4614 F.
2028 4579 2053 4630 p.
2066 4577 2105 4628 50.

1878 4653 1904 4691 ν.
1917 4642 2043 4706 Quoniam
2054 4640 2194 4708 preueuisti.

1878 4731 1905 4770 v.
1917 4719 2025 4770 Posuisti
2037 4735 2117 4786 snper.

1878 4797 2029 4849 or.'Glorie.

1430 4891 1457 4930 v.
1467 4879 1510 4929 Ad
1521 4877 1727 4928 adnuntiandum.
1878 4888 1921 4928 cc.
1934 4878 2055 4942 Egouos.

1429 4969 1474 5008 ak.
1487 4957 1653 5008 Desiderium.

1401 5037 1411 5067 ⁴
1427 5037 1457 5087 E.
1468 5051 1494 5102 p.
1507 5051 1546 5100 50.

1401 5117 1411 5146 ⁵
1422 5115 1489 5168 1b.÷
1496 5113 1622 5179 Praefatio.
1636 5113 1669 5163 Et
1678 5117 1703 5162 te
1714 5111 1818 5164 laudm
1829 5112 1969 5164 mirabilem
1980 5113 2013 5174 d,
2022 5111 2136 5163 iubentis
2147 5111 2267 5178 apostolis

1368 5194 1424 5255 tuis,
1437 5193 1463 5242 in
1480 5192 1569 5258 quibus
1585 5191 1739 5255 glorificatus
1755 5205 1782 5240 es
1798 5191 1962 5242 uehementer.
1998 5190 2046 5241 Per
2065 5206 2128 5256 quos
2146 5190 2267 5254 unigeniti

1369 5272 1406 5321 tui
1417 5285 1512 5322 sacrum
1524 5285 1613 5335 corpus
1624 5267 1732 5333 colligis.
1741 5274 1766 5318 et
1778 5269 1803 5318 in
1815 5269 1903 5333 quibus
1918 5268 2029 5320 ecclesiae
2044 5275 2093 5318 tnae
2104 5266 2266 5318 fundamenta

1368 5349 1504 5400 constituis.
1540 5346 1614 5399 Unde
1625 5347 1751 5412 poscimus
1763 5347 1920 5398 clementiam
1935 5353 2012 5404 tunm,
2024 5345 2141 5412 piissime,
2156 5362 2180 5396 o.
2192 5345 2226 5406 d.‚
2238 5352 2266 5395 ut

1367 5427 1538 5478 intercessione
1547 5426 1614 5476 beati
1626 5424 1735 5490 apostoli
1743 5425 1780 5475 tui
1789 5425 1891 5474 mathiae
1902 5425 1971 5475 cuius
1982 5423 2105 5488 passionis
2114 5423 2267 5490 triumphum

1367 5503 1538 5570 sollempniter
1557 5504 1723 5562 celebramus,
1747 5518 1886 5553 mereamur
1908 5519 1924 5552 a
1946 5510 2105 5568 peccatorum
2126 5509 2267 5553 nostrorum

1368 5584 1472 5635 nexibus
1488 5581 1553 5633 solui
1570 5588 1595 5631 et
1612 5588 1710 5632 aetemae
1726 5581 1786 5632 uitae
1803 5579 1917 5632 felicitati
1937 5580 2015 5638 reddi,
2032 5589 2107 5648 atque
2124 5587 2266 5632 sanctornm

1368 5670 1467 5714 tuorum
1478 5661 1583 5714 coetibus
1595 5659 1772 5712 connumerari.
1804 5659 1860 5710 Per.
1877 5660 1904 5710 Z.
