5116 6608
408 592 481 664 244
766 573 955 648 nutura.
1707 579 1896 659 &tationes

761 797 764 804 ·
810 773 905 838 Alia.
1762 779 1855 846 Alia.

451 884 613 964 Proficiat,
630 884 772 960 domine,
788 906 977 970 quesumus,
999 886 1094 970 plebs
1115 888 1175 952 tibi
1196 889 1307 954 dicata
1404 887 1579 954 Familiam
1594 897 1696 966 tuam,
1711 891 1855 972 domine,
1869 894 2011 960 dextera
2026 904 2085 960 tua
2099 907 2261 981 perpetuo

368 1007 370 1012 ·
406 985 460 1069 pie
483 987 669 1050 deuotionis
690 985 820 1065 aflectu,
843 997 880 1050 ut
902 987 1002 1051 sacris
1024 989 1211 1064 actionibus
1233 1010 1307 1053 eru-
1358 987 1539 1054 circumdet
1554 990 1688 1066 auxilie,
1705 1001 1743 1056 ut
1764 993 1809 1057 ab
1831 994 1922 1058 omni
1945 995 2112 1078 prauitate
2126 998 2261 1063 defensa

405 1086 486 1160 dita,
499 1094 624 1168 quanto
641 1085 805 1150 maiestati
821 1095 879 1168 tue
894 1085 938 1150 sit
952 1088 1085 1171 gratior,
1098 1097 1194 1153 tanto
1209 1089 1307 1153 donis
1357 1088 1454 1154 donis
1469 1089 1656 1154 caelestibus
1670 1102 1898 1175 prosequatur.
1946 1094 2033 1158 Pera

405 1185 588 1267 potioribus
603 1195 773 1269 augeatur.
818 1184 904 1250 Pers
1763 1254 1846 1320 Alia

810 1354 900 1420 Alia.
1404 1363 1569 1442 Gaudeat,
1599 1367 1741 1442 domine,
1778 1388 1965 1450 quesumus,
2000 1369 2143 1454 populus
2182 1381 2259 1438 tuus

450 1464 604 1547 Respice,
628 1466 770 1542 domine,
797 1467 961 1550 propitius
984 1466 1117 1551 plebem
1145 1478 1247 1542 tuam,
1272 1477 1307 1532 et
1358 1484 1489 1547 semper
1514 1465 1745 1531 benedictione
1767 1468 1928 1544 confisus3
1962 1479 1999 1534 ut
2022 1471 2259 1554 temporalibus

405 1572 478 1628 toto
494 1565 554 1629 tibi
570 1567 670 1630 corde
687 1567 879 1644 subiectam,
895 1567 1044 1651 presidiis
1064 1569 1185 1651 inuicte
1201 1569 1304 1652 pieta-
1357 1563 1525 1628 beneficiis
1541 1565 1717 1630 adiuuetur
1731 1575 1765 1630 et
1781 1567 1949 1633 erudiatur
1963 1571 2105 1636 aetemis.
2151 1573 2236 1637 Per!

405 1664 448 1726 tis
463 1663 598 1728 adtolle.
645 1666 730 1730 Pers
867 1755 873 1768 Ι
1762 1717 1845 1784 Alia

809 1751 901 1820 Alta.
1846 1768 1854 1785 '

1403 1828 1538 1907 Praesta,
1558 1849 1746 1913 quesumus,
1769 1834 1981 1915 omnipotens
2004 1836 2094 1914 deus,
2113 1845 2150 1901 ut
2173 1837 2259 1902 inter

1358 1931 1547 1996 innumeros
1563 1932 1630 2013 uite
1645 1931 1808 2014 presentis
1827 1953 1952 1998 errores
1967 1943 2026 1998 tuo
2041 1955 2172 2019 semper
2186 1957 2258 2001 mo·

1357 2030 1527 2095 deramine
1541 2031 1731 2114 dirigamur.
1777 2031 1862 2097 Per!

449 1861 578 1940 Libera,
596 1865 738 1940 domine,
755 1886 943 1948 quesumus,
959 1888 979 1931 a
994 1868 1138 1951 peccatis
1153 1879 1187 1932 et
1201 1867 1305 1932 hosti·

404 1960 468 2024 bus
498 1964 558 2027 tibi
585 1965 745 2047 populum
776 1966 1038 2048 supplicantem
1070 1979 1107 2032 ut
1134 1968 1167 2030 in
1190 1977 1306 2032 sancta

405 2065 653 2128 conuersatione
668 2065 818 2128 uiuentes
837 2065 934 2130 nullis
949 2066 1133 2131 afficiantur
1148 2068 1304 2132 aduersis.

406 2159 491 2225 Pes-⁷
866 2254 872 2267 ,
1761 2196 1854 2261 Arta.

808 2251 900 2321 Aba.

449 2360 647 2444 Quesumus,
669 2365 879 2448 omnipotens
902 2365 994 2443 deus,
1018 2387 1060 2430 ne
1083 2387 1143 2430 uos
1165 2374 1221 2430 tua
1245 2367 1304 2429 mi-

405 2461 580 2525 sericordia
610 2462 825 2546 derelinquat,
848 2485 923 2547 quae
954 2475 987 2530 et
1017 2486 1142 2530 errores
1175 2475 1305 2530 nostros

404 2581 536 2644 semper
552 2572 716 2642 amoueat,
733 2572 766 2627 et
787 2565 887 2629 noxia
906 2575 1023 2629 cuncta
1042 2565 1198 2649 depellat.
1244 2567 1306 2631 Per

404 2659 601 2726 dominumr
644 2675 650 2690 ·
1760 2683 1852 2748 Alia.

807 2751 899 2816 Alia.

447 2858 566 2938 Tuere,
581 2860 723 2940 domine,
743 2863 904 2946 populum
927 2873 1084 2944 tuomet
1106 2866 1304 2932 salutaribus

405 2959 556 3041 presidiis
574 2979 707 3043 semper
725 2963 884 3042 adiutum,
900 2964 1067 3030 beneficiis
1087 2967 1213 3032 adtolle
1227 2988 1305 3032 con·

404 3059 503 3124 tinnis
518 3068 553 3123 et
568 3061 689 3125 mentis
704 3070 738 3126 et
756 3065 910 3146 corporis.
955 3065 1040 3130 Pers

1403 2319 1567 2400 Concede,
1582 2341 1773 2405 quesumus,
1785 2321 1995 2406 omnipotens
2009 2324 2101 2404 deus,
2116 2337 2154 2391 ut
2168 2327 2256 2391 uiam

1358 2430 1450 2485 tuam
1465 2421 1589 2486 deuota
1605 2430 1717 2485 mente
1732 2431 1909 2499 currentes,
1923 2423 2175 2507 subripientium
2198 2428 2256 2491 de-

1357 2520 1510 2585 lictorum
1524 2521 1664 2604 laqueos
1678 2522 1869 2587 euadamns.
1916 2523 2000 2588 Pers

1401 2807 1455 2871 Da
1485 2807 1609 2891 populo
1635 2816 1703 2884 tuo,
1728 2829 1915 2891 quesumus,
1939 2809 2082 2888 domine,
2105 2813 2256 2896 spiritum

1357 2908 1506 2972 ueritatis
1521 2917 1556 2972 et
1571 2907 1671 2991 pacis,
1688 2917 1725 2972 ut
1748 2917 1782 2972 et
1804 2919 1839 2973 te
1854 2918 1926 2975 tota
1942 2920 2053 2975 mente
2069 2923 2257 2996 cognoscat,

1356 3016 1391 3071 et
1420 3027 1495 3090 quae
1524 3007 1585 3071 tibi
1615 3016 1692 3072 sunt
1721 3008 1845 3092 placita
1874 3018 1947 3075 toto
1976 3013 2075 3077 corde
2104 3023 2256 3080 sectetur.

1358 3109 1444 3172 Per.t
1850 3113 1853 3120 “

806 3227 890 3294 Alia
1759 3195 1851 3260 Alia.

892 3277 900 3294 ’
1401 3305 1622 3390 Omnipotens
1659 3307 1857 3391 sempiterne
1894 3308 1984 3389 deus,
2019 3311 2076 3394 qui
2113 3312 2257 3378 caelestia

1355 3406 1453 3470 simul
1469 3416 1503 3471 et
1518 3417 1649 3472 terrena
1664 3408 1856 3485 moderaris,
1871 3410 2127 3494 supplicationes
2141 3414 2256 3498 populi

1356 3508 1404 3571 tui
1435 3507 1616 3571 clementer
1645 3509 1777 3588 exaudi,
1801 3517 1836 3573 et
1864 3528 1981 3590 pacem
2012 3519 2106 3576 tuam
2136 3501 2256 3579 nostris

1355 3606 1500 3672 concede
1515 3606 1728 3690 temporibus.
1774 3601 1893 3696 [Per].t

1760 3760 1854 3829 Alia.

450 3336 620 3401 Protector
641 3338 675 3401 in
697 3346 732 3404 te
753 3342 963 3423 sperantium,
979 3346 1070 3421 deus,
1090 3346 1183 3411 salua
1198 3369 1304 3432 popu·

404 3434 473 3500 lum
489 3446 592 3516 tuum,
608 3445 680 3502 uta
694 3442 839 3522 peccatis
853 3442 938 3507 liber
952 3452 986 3507 et
1001 3445 1044 3509 ab
1059 3445 1156 3511 hoste
1171 3469 1303 3514 securus

403 3536 437 3599 in
453 3545 511 3600 tua
527 3556 658 3620 semper
671 3540 779 3622 gratia
797 3553 996 3625 perseueret.
1044 3546 1130 3610 Pers

792 3703 885 3771 Altis.
979 3767 984 3776 .
1226 3775 1228 3780 ,

451 3811 627 3889 Conserua,
637 3833 824 3896 quesumus
835 3818 976 3898 domine,
986 3822 1147 3905 populum
1159 3833 1262 3904 tuum,
1269 3835 1303 3891 et

405 3931 505 3994 quem
521 3912 718 3977 salutaribus
740 3917 891 3997 presidiis
907 3939 972 3985 non
993 3922 1115 3988 desinis
1135 3925 1301 4004 adiuuare,

404 4015 572 4098 perpetuis
590 4014 698 4099 tribue
719 4021 865 4100 gaudere
886 4022 1054 4090 beneficiis
1074 4037 1108 4092 et
1129 4031 1249 4094 mentis
1269 4039 1303 4095 et

403 4114 556 4198 corporis.
601 4115 688 4179 Pers

1398 3881 1540 3961 Adesto,
1554 3885 1699 3962 domine,
1715 3885 2007 3969 supplicationibus
2023 3889 2153 3965 nostris,
2169 3901 2202 3954 et
2221 3890 2254 3952 in
2311 3863 2315 3870 ⁸

1356 3992 1413 4047 tua
1427 3982 1640 4061 confidentes,
1655 3984 1699 4049 ab
1713 3985 1804 4050 omni
1819 4005 1880 4050 uos
1898 3987 2099 4052 aduersitate
2114 3989 2253 4054 custodi.

1356 4081 1418 4146 Per
1433 4082 1628 4147 dominum*

789 4200 915 4296 [Alia]
1757 4170 1789 4233 Α
1793 4170 1849 4237 lia.

446 4312 587 4394 Adesto,
613 4315 755 4395 domine,
782 4320 919 4402 populis,
939 4321 1005 4386 tuis
1031 4323 1065 4388 in
1094 4335 1152 4391 tua
1179 4327 1301 4394 uirtute
1398 4295 1460 4374 Da’
1489 4315 1677 4378 quesumus’
1700 4296 1911 4379 ⁰m¹¹iP⁰t²¹¹⁵
1937 4297 2028 4375 deus,
2051 4305 2089 4363 ut
2119 4299 2176 4382 ‘1¹¹³
2206 4299 2254 4363 ³¹¹·

402 4412 591 4488 fidentibus,
608 4424 641 4480 et
657 4426 724 4480 tuae
740 4418 880 4484 dextere
894 4421 1084 4505 suppliciter
1105 4426 1300 4494 inclinantes
1354 4394 1518 4460 firmitatis
1540 4404 1662 4459 ”⁰⁵³ae
1685 4395 1806 4509 ⁰⁰⁰⁵,Cii
1829 4397 1871 4460 de
1893 4405 1951 4460 tua
1973 4399 2096 4462 Uirtute
2117 4397 2253 4464 ⁰⁰¹¹fidi'

403 4522 563 4597 perpetua
578 4515 768 4581 defensione
783 4538 953 4591 conserua·
998 4523 1083 4588 pen,
1354 4515 1427 4559 mus
1441 4496 1504 4560 sub
1519 4505 1577 4559 tua
1591 4515 1723 4577 semper
1737 4505 1862 4579 pretate
1877 4497 2091 4580 gaudeamus.
2137 4497 2222 4563 Per!

803 4681 896 4747 Alia·
1755 4659 1848 4725 Alia.

445 4788 579 4866 Praesta‚
602 4812 790 4875 quesumus,
814 4796 1024 4880 omnipotens
1045 4800 1136 4882 deus,
1154 4813 1191 4868 ut
1212 4825 1298 4869 sem,
1397 4783 1572 4848 Familiam
1603 4793 1707 4862 tuam,
1737 4805 1924 4869 quesumus,
1956 4789 2100 4867 domine,
2131 4789 2253 4855 caelesti

400 4907 460 4972 per
482 4890 690 4958 rationabilia
712 4896 921 4972 meditantes,
944 4918 1019 4980 quae
1041 4900 1101 4965 tibi
1128 4912 1206 4967 sunt
1227 4905 1299 4987 pla.
1352 4883 1557 4967 protectione
1572 4883 1758 4964 circumda;
1782 4895 1827 4963 ut,
1844 4895 1878 4952 te
1893 4900 2059 4971 parcente,
2075 4891 2118 4955 sit
2139 4890 2253 4968 libera,

400 4989 475 5064 cita,
491 4999 526 5054 et
540 4991 638 5057 dictis
653 5013 875 5078 exsequamur
889 5005 923 5060 et
938 4996 1043 5062 factis,
1091 5001 1175 5066 pera
1353 4994 1388 5049 te
1423 4983 1641 5064 custodiente,
1672 5006 1693 5050 a
1731 4985 1827 5050 malis
1863 4987 2017 5052 omnibus
2050 4990 2094 5056 sit
2131 5010 2253 5056 secura.

1353 5084 1438 5148 Per.⁷

802 5171 896 5237 Alia.
1756 5174 1847 5240 Alia.

444 5277 716 5346 Benedictionem
738 5291 841 5362 tuam,
862 5285 1006 5362 domine,
1027 5289 1170 5372 populus
1192 5291 1300 5358 fidelis
1397 5296 1514 5362 Preces
1550 5300 1665 5383 populi
1702 5301 1760 5378 tui,
1790 5322 1980 5385 quesumus,
2010 5303 2153 5382 domiue,
2186 5306 2253 5372 cle·

398 5377 548 5461 accipiat,
578 5401 646 5463 qua
682 5401 819 5466 corpore
858 5386 1005 5450 saluatus
1041 5409 1081 5453 ac
1114 5400 1235 5469 mente,
1266 5402 1300 5459 et
1353 5405 1482 5462 menter
1496 5399 1628 5476 exaudi,
1645 5400 1753 5483 utqui
1769 5401 1802 5464 in
1818 5401 1889 5466 sola
1907 5423 1967 5485 spe
1981 5405 2096 5488 gratiae
2112 5403 2254 5470 caelestis

398 5486 528 5560 gratam
546 5479 606 5544 tibi
629 5502 760 5565 semper
778 5484 937 5550 exhibeat
957 5486 1161 5570 seruitutem,
1176 5501 1210 5556 et
1224 5511 1300 5576 pro·
1353 5495 1510 5574 innititur,
1544 5498 1659 5563 celesti
1696 5500 1798 5564 etiam
1835 5503 2041 5586 protectione
2077 5506 2253 5571 muniatur.

399 5577 580 5659 pitiationis
595 5589 652 5665 tue
667 5581 826 5648 beneficia
840 5604 971 5670 semper
980 5587 1141 5680 inueniat.
1188 5590 1273 5657 Per.⁷
1353 5596 1440 5662 Pera
