5122 6610
410 583 481 654 208
585 582 748 657 &unium
775 581 862 670 ὦῶ.
914 581 962 668 ὦ.
990 580 1162 675 &tertiani

409 808 481 851 rum
513 795 547 852 et
576 786 724 862 aliarum,
756 807 897 870 quorum
933 794 968 851 et
998 805 1138 869 quarum
1177 804 1311 848 munera
1364 785 1586 852 memoraliter
1601 786 1635 850 in
1649 784 1739 851 caelis
1754 787 2011 852 nominarentur.
2057 786 2110 851 Ita
2126 787 2186 853 tibi
2205 809 2265 872 pro

408 887 609 970 accipimus3
641 895 675 950 et
704 907 765 971 pro
794 882 968 950 animabus
994 884 1224 950 defunctorum
1252 905 1311 948 no·
1363 885 1427 951 illis
1441 887 1609 952 offerimus
1624 885 1657 949 in
1670 887 1764 951 terris
1779 887 1806 951 si
1821 889 1933 952 animo
1944 886 2103 952 almitatis
2118 895 2185 951 tuae
2198 907 2264 951 non

408 996 552 1051 atrorum
568 986 715 1052 fidelium
730 987 901 1070 utriusque
923 1006 1032 1064 sexus,
1048 985 1104 1069 qui
1125 996 1159 1049 et
1174 1005 1249 1066 quae
1268 985 1311 1049 de
1362 987 1565 1071 displicuerit
1580 985 1615 1050 in
1630 986 1729 1062 caelis,
1745 1006 1886 1070 quorum
1902 994 1936 1051 et
1950 980 2090 1069 quarum
2106 987 2166 1052 tibi
2182 987 2266 1052 fides

409 1097 522 1151 nostra
548 1087 745 1171 cognatione
771 1086 956 1171 specialiter
985 1087 1092 1151 exorti
1124 1094 1158 1150 et
1184 1093 1311 1148 exortae
1362 1087 1495 1171 cognita
1527 1096 1578 1151 est
1610 1096 1644 1151 et
1678 1096 1758 1151 nota
1788 1087 1932 1165 deuotio,
1961 1095 1995 1152 et
2024 1107 2084 1170 pro
2110 1087 2266 1171 spiritbus

1647 583 1717 677 {tro
1743 583 1960 676 patratoribus.

409 1197 506 1267 sunt;
529 1196 563 1253 et
578 1206 639 1272 pro
654 1186 822 1268 spiritibus
837 1189 985 1252 omnium
1009 1206 1150 1270 quorum
1173 1195 1208 1249 et
1229 1205 1310 1267 qua·
1363 1195 1552 1250 sanctorum
1571 1195 1604 1251 et
1627 1195 1814 1250 sanctarum
1837 1186 1986 1250 omnium
2010 1187 2065 1269 qui
2087 1195 2120 1250 et
2140 1186 2265 1268 quaein

408 1308 481 1352 rum
512 1286 704 1370 corpuscula
736 1287 771 1351 in
799 1288 935 1352 tumulis
963 1286 1061 1351 huius
1090 1284 1227 1366 ecclesie
1260 1305 1311 1348 se·
1361 1285 1424 1350 hac
1452 1286 1507 1349 die
1530 1306 1639 1350 annua
1666 1284 1849 1351 sestiuitate
1875 1284 2006 1350 dehac
2031 1286 2104 1349 luce
2128 1283 2267 1349 feliciter

407 1385 501 1470 pulta
516 1396 602 1466 sunt,
616 1387 643 1450 si
658 1385 790 1451 illorum
806 1397 841 1452 et
863 1386 993 1452 illarum
1008 1386 1157 1450 omnium
1176 1384 1311 1448 nomina
1363 1387 1588 1468 migrauerunt
1610 1385 1654 1449 ad
1670 1385 1837 1464 christum,
1853 1394 1887 1450 et
1901 1406 1962 1468 pro
1977 1384 2145 1468 spiritibus
2168 1403 2266 1448 cunc·

408 1487 494 1550 inter
508 1495 618 1551 cetera
633 1486 820 1570 specialiter
834 1508 854 1550 a
869 1489 966 1552 nobis
985 1507 1051 1551 non
1074 1484 1261 1562 recitantur,
1276 1493 1312 1549 te
1362 1495 1472 1550 torum
1488 1495 1522 1550 et
1533 1494 1725 1550 cunctarum
1740 1483 1981 1570 pausantium¹,
1993 1485 2049 1568 qui
2065 1493 2100 1548 et
2115 1504 2189 1567 quae
2205 1503 2266 1547 nos

407 1595 522 1650 tamen
537 1587 747 1650 obsecramus
759 1597 796 1653 ut
809 1585 874 1651 illis
885 1587 1039 1651 omnibus
1051 1587 1094 1650 sit
1106 1583 1313 1667 indulgentia
1363 1586 1396 1648 in
1412 1586 1578 1650 dominica
1594 1606 1677 1669 pace
1693 1595 1922 1668 precesserunt
1936 1584 1980 1648 ab
1997 1585 2097 1648 adam
2112 1583 2266 1666 usquein

408 1695 477 1751 tuae
492 1685 720 1764 miserationis,
735 1687 880 1766 domine,
895 1686 980 1751 sicut
1002 1695 1038 1750 tu
1055 1685 1105 1748 uis
1127 1693 1161 1749 et
1176 1685 1261 1748 sicut
1275 1692 1312 1746 tu
1362 1685 1559 1751 hodiernum
1575 1686 1665 1750 diem
1675 1684 1697 1749 ¹.
1742 1685 1805 1749 Per
1821 1685 1963 1749 eundem
1978 1685 2162 1748 dominum.

408 1787 481 1851 scis.
527 1786 629 1851 Parce
644 1800 679 1855 et
695 1786 848 1852 miserere
863 1788 956 1871 quasi
973 1788 1006 1850 in
1021 1787 1144 1850 sanctis
1162 1781 1313 1869 paginis¹

1462 1892 1471 1923 ¹
1487 1893 1540 1943 Lz't.
1552 1892 1607 1941 and
1615 1892 1669 1941 Rit.
1681 1891 1712 1956 os
1719 1891 1796 1942 Celtic
1809 1890 1918 1950 Churclr,
1931 1906 1956 1955 p.
1968 1888 2022 1954 264,
2035 1895 2094 1939 note
2103 1903 2158 1952 140.

520 1977 528 2007 ¹
545 1978 597 2028 Lr't.
609 1978 664 2028 arrd
673 1979 727 2029 Rit.
739 1978 770 2045 qf
778 1979 854 2029 Celtic
868 1978 976 2038 Church,
990 1993 1016 2043 p.
1028 1985 1082 2040 257,
1095 1980 1156 2026 note
1167 1989 1208 2038 4¹·
1462 1971 1473 2001 ¹
1490 1970 1552 2021 This
1564 1970 1654 2037 phrase
1664 1985 1752 2020 occurs
1764 1969 1789 2019 iu
1801 1968 1844 2019 the
1854 1968 1938 2019 Stowe
1950 1967 2046 2030 Missal,
2058 1967 2091 2016 ib.
2104 1983 2128 2032 p.
2142 1980 2198 2031 ²40·

1365 2595 1580 2669 remissionem,
1599 2606 1629 2656 et
1652 2596 1683 2655 in
1707 2605 1758 2656 tuo
1782 2604 1884 2657 sancto
1906 2595 2024 2656 seruitio
2047 2595 2147 2673 iugem
2169 2611 2269 2672 perse·

450 2735 542 2807 Deus,
563 2735 763 2796 inenarrabilis
784 2736 886 2814 gloriae
907 2746 937 2796 et
957 2735 1074 2813 pietatis
1094 2736 1239 2806 inmense,
1261 2731 1312 2809 qui
1364 2703 1536 2754 mmmmm·
1580 2690 1644 2750 ¹³⁹¹·

409 2841 527 2892 sanctos
539 2839 605 2890 tuos
615 2839 683 2890 ante
697 2830 800 2890 mundi
811 2830 1050 2890 constitutionem
1062 2831 1092 2888 in
1108 2839 1248 2889 aeternam
1259 2827 1311 2886 tibi

552 2600 666 2677 missa
687 2602 718 2665 tn
737 2602 823 2665 lauba
844 2605 1009 2665 senmurum
1030 2599 1167 2663 ennun-

1757 2771 1878 2832 Secreta.

408 2924 532 3002 gloriam
547 2924 714 3002 preparasti,
730 2925 845 3002 suscipe
859 2925 1004 3002 propitius
1023 2942 1126 3002 preces
1146 2933 1176 2982 et
1189 2939 1311 2981 munera

409 3019 508 3098 quein
521 3017 633 3078 honore
647 3029 675 3078 et
689 3020 877 3078 ueneratione
891 3020 977 3079 beate
988 3019 1035 3078 dei
1049 3017 1196 3096 genitricis
1210 3017 1309 3091 marie,

408 3124 438 3173 et
457 3113 611 3173 beatorum
632 3114 841 3190 apostolorum,
860 3125 1029 3192 martyrum,
1045 3113 1257 3184 confessorum,
1275 3131 1310 3172 ac

407 3207 563 3284 uirginum,
578 3209 771 3286 omniumque
790 3209 948 3269 electorum
968 3221 1084 3269 tuorum
1102 3209 1133 3269 in
1147 3218 1310 3285 conspectu

407 3301 522 3379 pietatis
535 3311 585 3378 tue
598 3302 744 3363 humiliter
761 3302 927 3377 deferimus,
938 3314 967 3364 et
980 3314 1085 3382 presta,
1100 3314 1134 3364 ut
1152 3303 1232 3380 apud
1246 3321 1310 3362 ma·

407 3405 551 3474 gestatem
565 3407 654 3471 tuam,
669 3407 699 3456 et
713 3398 916 3458 remissionem
930 3409 1127 3476 peccatorum,
1142 3409 1172 3459 et
1185 3397 1309 3458 beatitu-

408 3491 485 3550 dinis
499 3509 552 3566 sue
566 3491 652 3552 nobis
666 3492 821 3567 impetrent
835 3495 1023 3554 consortium.
1066 3493 1130 3554 Per.

750 3661 843 3740 Super
862 3663 962 3724 oblata.

449 3777 583 3854 Munera,
600 3780 730 3854 domine,
745 3800 803 3860 que
823 3800 878 3861 pro
899 3785 1032 3844 omnium
1054 3794 1222 3844 sanctorum
1243 3793 1310 3844 tuo·

407 3892 473 3933 rum
493 3876 689 3949 ueneratione,
704 3878 755 3937 tibi
777 3877 883 3938 deuote
904 3877 1068 3950 deserimus,
1083 3877 1225 3956 propitius
1246 3896 1310 3938 sus·

408 3967 490 4046 cipe;
512 3979 541 4029 et
555 3968 669 4029 illorum
688 3971 914 4048 suffragantibus
932 3972 1048 4044 meritis,
1063 3991 1117 4049 per
1129 3973 1194 4033 haec
1208 3991 1226 4032 a
1239 3991 1310 4050 pec·

409 4076 541 4124 catorum
555 4074 722 4126 nostrorum
736 4067 859 4127 maculis
873 4066 1011 4129 emunda.
1053 4067 1117 4127 Per.

704 4236 778 4296 Post
795 4239 1013 4297 commentitum.

416 4387 419 4392 ·
451 4353 541 4415 Sacro
561 4373 683 4416 munere
705 4356 809 4429 satiati,
829 4358 976 4434 supplices
997 4365 1035 4430 te,
1055 4355 1185 4428 domine,
1206 4356 1310 4433 depre-

408 4467 517 4522 camur,
539 4459 572 4509 ut
592 4449 674 4526 quod
701 4450 799 4526 debite
827 4451 971 4512 seruitutis
999 4449 1180 4511 celebramus
1201 4450 1308 4524 offici0,

407 4544 654 4606 intercedentibus
678 4546 817 4606 omnibus
845 4547 953 4606 sanctis
979 4546 1044 4620 tuis,
1065 4545 1235 4606 saluationis
1260 4555 1309 4621 tue

408 4641 569 4700 sentiamus
584 4651 784 4718 augmentum.
827 4639 883 4700 Per
896 4639 1059 4701 dominum.

423 4871 499 4937 iiiiii·
513 4889 582 4936 run
596 4888 666 4951 eng·
705 4871 845 4936 inuentis
866 4873 991 4956 coeperis
1013 4874 1107 4938 sancti
1127 4871 1262 4955 strplaui
1271 4875 1292 4929 ¹.

449 5003 540 5076 Deus,
565 5005 616 5081 qui
640 5014 775 5064 sanctum
798 5022 906 5083 corpus
931 5005 1152 5082 protomartyris
1175 5005 1310 5085 stephani

408 5099 465 5159 tuis
488 5098 621 5158 fidelibus
645 5098 683 5158 ad
706 5099 844 5177 suffragia
872 5100 1001 5161 reuelare
1024 5099 1161 5178 dignatus
1189 5119 1239 5173 es;
1272 5101 1310 5162 da

408 5193 504 5264 nobis,
518 5210 571 5271 per
585 5193 647 5252 eius
661 5193 902 5254 intercessionem
917 5207 1085 5255 nostrorum
1104 5195 1310 5272 peccaminum

440 5383 450 5415 ¹
468 5385 507 5448 (Α.
518 5385 602 5436 Iustus
614 5391 641 5435 ut
652 5385 745 5451 palma
900 5399 926 5438 v,
938 5387 1005 5438 Tota
1015 5386 1056 5437 die
1066 5387 1203 5437 miseretur.

466 5473 505 5513 rs,
516 5463 614 5513 Bonum
624 5471 663 5514 est
674 5465 793 5516 confiteri.
901 5475 944 5515 At..
956 5465 1038 5515 Instus
1049 5465 1205 5530 germinabit.

466 5551 512 5591 GR.
524 5541 607 5590 Iustus
617 5557 668 5592 nou
678 5543 808 5594 conturba-
900 5554 944 5594 οἳ.
957 5543 1115 5593 Desiderinm
1126 5543 1216 5595 anime.

538 5620 615 5671 bitur.
901 5621 1309 5690 cu.l’osuisti,domine,ineapite).

1405 2893 1502 2965 Sume,
1519 2894 1708 2972 omnipotens
1730 2895 1811 2965 deus,
1826 2893 1954 2970 benigne
1975 2890 2028 2951 has
2049 2889 2222 2962 oblationes,
2239 2901 2269 2950 et

1363 2988 1492 3047 concede
1513 3006 1568 3065 pro
1589 2989 1698 3048 meritis
1721 2987 1799 3047 beati
1824 2986 2042 3064 protomarytris
2067 2984 2211 3062 stephani,
2233 2995 2267 3045 ut

1362 3091 1462 3142 nostra
1477 3082 1581 3142 delicta
1595 3082 1759 3151 absoluant,
1770 3091 1799 3142 et
1813 3090 1984 3161 perpetuam
1999 3079 2164 3140 felicitatem
2180 3081 2268 3140 nobis

1362 3175 1527 3256 adquirant.
1569 3175 1633 3236 Per.

1743 3255 1881 3337 Presatio.

1403 3373 1510 3462 V[ere]
1521 3372 1682 3460 d[ignum],
1692 3387 1799 3438 aeteme
1814 3376 1895 3437 deus.
1924 3375 2008 3436 Beati
2021 3375 2117 3436 leuitae
2132 3375 2267 3454 stephani

1363 3472 1436 3532 sacri
1470 3472 1600 3550 corporis
1635 3473 1836 3532 inuentionem
1871 3471 2062 3532 celebrantes.
2108 3470 2267 3531 Precamur

1362 3585 1434 3645 ergo
1462 3567 1707 3643 omnipotentiam
1734 3578 1823 3640 tuem,
1851 3577 1892 3638 ut,
1918 3567 2010 3644 ipsius
2038 3565 2266 3643 suffragantibus

1362 3662 1478 3730 meritis,
1501 3679 1557 3720 nos
1578 3661 1616 3720 ab
1636 3662 1774 3722 omnibus
1795 3661 1932 3722 uitiorum
1955 3660 2089 3721 sordibus
2110 3659 2266 3730 emacules,

1362 3766 1392 3815 et
1410 3756 1562 3816 uirtutibus
1577 3755 1690 3816 cunctis
1711 3757 1845 3816 adornes.
1887 3755 1944 3815 Per
1959 3755 2098 3815 christum
2113 3754 2267 3814 dominum

1363 3859 1504 3911 nostrum.

1684 3929 1738 3990 Ad
1746 3933 1940 4009 complendum.

1404 4050 1549 4111 Sacrificia
1563 4062 1619 4126 tua,
1635 4051 1764 4125 domine,
1779 4069 1948 4131 quesumus,
1964 4051 2055 4112 corda
2073 4061 2174 4110 nostra
2187 4050 2266 4127 puri-

1362 4146 1469 4219 ficent;
1487 4156 1525 4218 et,
1536 4146 1734 4206 intercedente
1748 4155 1850 4206 sancto
1865 4146 1953 4206 leuita
1966 4145 2120 4224 stephano,
2132 4144 2262 4204 remedia

1361 4240 1448 4300 nobis
1462 4241 1615 4318 optineant
1629 4240 1814 4318 sempiterna
1858 4240 1921 4299 Per.

1774 4408 1855 4470 Aleia.

1402 4529 1459 4602 Da,
1481 4548 1650 4608 quesumus,
1673 4530 1801 4602 domine,
1827 4530 1904 4591 hanc
1928 4529 2057 4607 presenti
2082 4528 2189 4588 familie
2213 4535 2264 4590 tue

1360 4626 1492 4701 gratiam,
1515 4636 1547 4685 ut
1572 4643 1629 4702 que
1652 4625 1728 4684 beati
1752 4626 1885 4702 martyris
1906 4625 1949 4685 tui
1971 4633 1999 4684 et
2024 4623 2110 4683 leuite
2133 4623 2267 4701 stephani

1360 4720 1563 4778 inuentionem
1577 4737 1676 4779 annuo
1691 4729 1845 4779 ueneratur
1858 4719 2010 4797 obsequio,
2025 4735 2061 4778 eo
2077 4717 2264 4794 suffragante,

1360 4821 1389 4871 te
1402 4813 1620 4874 misericordem
1634 4814 1764 4873 inuenire
1778 4824 1922 4874 mereatur
1935 4815 1966 4872 in
1983 4813 2056 4899 celo.
2099 4810 2154 4871 Per
2168 4812 2265 4872 domi·

1361 4925 1442 4968 num.

1596 5096 1722 5185 [lbiase
1741 5117 1792 5182 ptr
1812 5093 2029 5183 precatoribus]-

1403 5227 1469 5316 [A.]
1490 5232 1628 5308 Domine,
1639 5233 1782 5312 refugium
1793 5233 1885 5295 iactus
1895 5253 1927 5295 es
1942 5233 2028 5294 nobis
2042 5253 2061 5293 a
2074 5232 2265 5312 generatione

1361 5337 1391 5388 et
1404 5328 1554 5405 progenie,
1569 5346 1588 5386 a
1602 5327 1701 5388 seculo
1716 5327 1746 5386 in
1760 5328 1892 5388 seculum
1906 5338 1938 5388 tu
1952 5347 1993 5389 es.

1402 5417 1482 5504 [Pa]
1504 5420 1677 5499 Priusquam
1691 5422 1792 5483 fierent
1805 5433 1930 5484 montes.

1403 5514 1601 5593 Omnipotens
1623 5517 1798 5594 sempiterne
1819 5517 1900 5590 deus,
1919 5536 1978 5578 una
1999 5517 2135 5577 maiestas
2154 5527 2183 5577 et
2205 5535 2266 5576 una

1363 5607 1463 5683 deitas,
1478 5611 1529 5692 qui
1549 5611 1580 5670 in
1601 5611 1726 5672 trinitate
1746 5630 1909 5690 permanes,
1924 5623 1953 5674 et
1973 5613 2003 5673 in
2022 5613 2132 5672 unitate
2147 5631 2264 5692 semper
