5122 6610
591 606 662 700 {Bru
678 605 842 682 tuarum

308 916 312 930 ,
395 855 508 932 illitam
529 855 561 920 ln
581 855 782 921 autumare
802 855 893 921 untur
912 856 1047 924 tttuurt'u

316 1002 450 1082 Praesta,
474 1000 617 1078 domine,
645 1022 832 1085 quesumus,
855 1011 893 1067 ut
922 1003 1034 1068 anima
1059 1001 1173 1067 famuli

272 1102 321 1168 tui
349 1101 406 1166 ¹ill.
433 1101 524 1167 cuius
548 1101 807 1166 anniuersarium
837 1103 1053 1186 depositionis
1082 1102 1172 1167 diem

273 1200 484 1282 celebramus,
498 1200 551 1264 his
568 1209 710 1284 purgata
732 1200 896 1266 sacrificiis
917 1199 1080 1286 (omnium
1095 1223 1172 1286 pur-

274 1310 353 1385 gata
368 1301 530 1384 contagiis
549 1297 783 1386 peccatorum),
796 1300 1036 1386 indulgentiam
1052 1303 1174 1387 pariter

276 1410 309 1465 et
325 1403 472 1484 requiem
487 1401 598 1484 capiat
613 1401 859 1484 sempiternam.
906 1403 991 1468 Pera

651 1575 791 1644 Secreta.

315 1701 508 1786 Propitiare‚
540 1703 685 1781 domine,
722 1703 1016 1787 supplicationibus
1052 1707 1171 1773 nostris

272 1822 332 1886 pro
354 1799 465 1866 anima
487 1810 521 1867 et
544 1803 659 1886 spiritu
682 1802 797 1866 famuli
819 1804 869 1868 tui
885 1803 942 1868 .ill.
958 1807 1048 1870 cuius
1070 1806 1171 1870 hodie

271 1922 380 1968 annua
394 1901 467 1966 dies
482 1902 599 1984 agitur,
616 1923 676 1986 pro
692 1923 757 1986 qua
777 1902 837 1967 tibi
860 1903 1026 1969 offerimus
1049 1905 1170 1970 sacriti-

271 2003 357 2068 cium
367 2001 530 2080 laudis‚ut
541 2022 615 2067 eam
629 2011 955 2068 sanctorumtuorum
968 2003 1170 2070 consociarel

269 2102 423 2186 digneris.
469 2103 557 2168 Per.t

594 2188 638 2252 In
651 2187 820 2270 fractione
828 2188 851 2255 ².

314 2315 414 2380 Hanc
442 2313 542 2396 igitur
570 2314 783 2396 oblationem,
807 2317 950 2396 domine,
977 2338 1078 2401 quam
1108 2318 1168 2382 tibi

272 2414 437 2480 offerimus
459 2433 519 2496 pro
542 2414 653 2479 anima
675 2414 789 2479 famuli
809 2416 857 2480 tui
877 2417 933 2482 all.
956 2419 1047 2483 cuius
1068 2418 1169 2483 hodie

270 2535 377 2579 annua
406 2514 478 2578 dies
503 2513 620 2597 agitur,
643 2534 831 2597 quesumus,
857 2516 1010 2599 placatus
1035 2519 1169 2582 intende

272 2633 412 2697 eamque
447 2611 658 2678 mortalitatis
695 2614 838 2679 nexibus
867 2615 1054 2682 absolutam
1084 2619 1169 2683 inter

270 2725 344 2782 tuos
366 2712 483 2779 fideles
504 2713 670 2778 ministros
693 2713 816 2809 habere
837 2725 1032 2798 perpetuam
1055 2716 1168 2783 iubeas

270 2816 465 2900 portionem.
510 2811 708 2896 Quesumus,
723 2815 866 2896 domine,
882 2825 944 2880 uts

563 2989 625 3053 Ad
642 2989 871 3073 complendum.

313 3115 461 3199 Suscipe,
491 3114 634 3190 domine,
664 3136 778 3199 preces
807 3126 938 3182 nostras
967 3140 1027 3203 pro
1056 3120 1168 3184 anima

270 3215 381 3280 famuli
398 3215 446 3281 tui
462 3213 516 3279 .ill.
532 3225 569 3280 ut
584 3216 611 3279 si
628 3235 713 3298 quee
728 3216 866 3282 maculae
881 3218 924 3282 de
939 3219 1075 3284 terrenis
1091 3240 1169 3285 con·

270 3316 367 3398 tagiis
397 3315 606 3392 adheserunt,
631 3316 830 3382 remissionis
858 3327 916 3402 tue
947 3319 1168 3384 misericordia

271 3414 451 3480 deleantur.
497 3415 582 3481 Per!

444 3679 557 3755 littera
577 3681 767 3764 plurimorum
785 3681 994 3749 trtunrturum.

311 3829 501 3913 Propitiare‚
530 3847 716 3910 quesumus,
741 3829 885 3906 domine,
915 3829 1089 3894 animabus
1118 3831 1168 3895 fa·

269 3929 430 3992 mulorum
465 3926 729 4011 famularumque
770 3937 901 3993 tuarum
944 3929 1166 3996 misericordia

267 4029 485 4112 sempitema;
506 4037 542 4092 ut
558 4027 751 4093 mortalibus
765 4028 908 4092 nexibus
923 4029 1089 4112 expedite,
1105 4030 1166 4094 lux

268 4148 323 4193 eas
337 4137 462 4193 aetema
477 4127 656 4211 possideat.
703 4127 793 4192 Pers.

649 4300 787 4367 Secreta.

311 4427 451 4493 Hostias
465 4426 535 4502 tibi,
551 4427 695 4506 domine,
709 4427 825 4492 humili
847 4426 1033 4513 placatione
1048 4428 1165 4494 deleri-

266 4547 347 4606 mus,
358 4537 395 4594 ut
410 4527 530 4591 animae
545 4526 744 4591 famulorum
759 4526 1022 4611 famularumque
1034 4537 1163 4593 tuarum

265 4648 323 4711 per
345 4627 418 4691 haec
442 4625 638 4711 placationis
660 4627 768 4692 officia
791 4636 883 4692 tuam
907 4627 1164 4693 misericordiam

266 4736 517 4811 consequantur.
555 4726 649 4816 ¹Per.t

627 4902 802 4985 Proesatio.

307 5029 352 5094 U.
369 5029 411 5093 D.
427 5037 551 5093 aeteme
566 5030 657 5094 deus.
700 5029 748 5095 Et
771 5029 980 5095 maiestatem
997 5039 1089 5095 tuam
1106 5032 1163 5096 de·

265 5129 350 5194 uotis
376 5128 542 5193 mentibus
566 5148 753 5208 exoramus,
770 5139 808 5196 ut
834 5129 943 5212 anime
965 5128 1162 5196 famulorum

264 5227 537 5310 famularumque,
560 5248 700 5310 quorum
726 5230 816 5294 diem
841 5231 1163 5296 commemorationis

266 5326 477 5400 celebramus,
501 5329 618 5392 mortis
642 5328 780 5393 uinculis
803 5329 964 5412 absolute,
990 5333 1163 5396 transitum

267 5423 483 5513 merea(n)tur
497 5427 540 5492 ad
561 5427 675 5504 uitam,
699 5437 733 5494 et
756 5429 789 5491 in
809 5429 920 5493 ouium
944 5429 1004 5493 tibi
1027 5430 1164 5514 placita·

296 5642 446 5698 ¹cousortio
457 5647 552 5699 sociare
561 5648 593 5700 V.
817 5648 911 5701 'Infra
921 5651 1046 5703 actionem
1058 5652 1090 5706 Ο.
1097 5651 1129 5704 V.

1562 605 1633 706 {tt
1648 607 1812 683 briuuttlz.
2057 629 2125 704 197

1229 827 1301 872 rum
1319 807 1556 889 benedictione,
1571 815 1731 874 aeternum
1754 817 1966 875 numerentur
1986 811 2030 876 ad
2053 832 2125 896 reg-

1226 927 1316 973 num.
1362 909 1424 972 Per
1439 907 1622 974 christum.t

1271 1006 1379 1086 Hanc,
1391 1008 1498 1092 igitur,
1511 1007 1723 1089 oblationem,
1734 1028 1835 1092 quam
1851 1007 1910 1075 tibi
1926 1029 1986 1093 pro
2002 1012 2125 1094 requiae

1224 1108 1409 1172 animarum
1428 1106 1626 1172 famulorum
1649 1108 1914 1191 famularumque
1929 1117 2060 1174 tuarum
2075 1111 2125 1176 oi-

1225 1205 1366 1286 lerimus,
1382 1228 1570 1291 quesumus,
1586 1208 1730 1288 domine,
1745 1208 1906 1292 propitius
1920 1209 2067 1289 intuere3
2091 1221 2125 1276 et

1224 1307 1368 1371 concede
1397 1316 1435 1371 ut
1465 1304 1631 1392 mo(r)tuis
1657 1309 1761 1392 prosit
1790 1309 1834 1372 ad
1863 1309 2005 1385 ueniam,
2032 1312 2124 1393 quod

1224 1407 1349 1471 cunctis
1365 1407 1552 1471 uiuentibus
1570 1428 1744 1491 preparare
1766 1407 1922 1490 dignatus
1944 1409 1988 1474 ad
2012 1411 2124 1474 mede·

1223 1504 1302 1571 lam.
1347 1505 1494 1589 Diesque
1508 1516 1646 1572 nostros.

1521 1677 1583 1743 Ad
1601 1641 1828 1762 comllkndum.

1268 1803 1451 1885 Inueniant,
1467 1825 1653 1888 quesumus,
1675 1805 1819 1884 domine,
1841 1805 1961 1870 animae
1984 1805 2122 1872 famulo-

1223 1925 1295 1968 mm
1324 1903 1587 1987 famularumque
1610 1913 1741 1968 tuarum
1771 1903 1901 1969 illorum
1926 1913 1961 1970 et
1983 1904 2122 1982 illarum,

1222 2004 1436 2089 omniumque
1451 2005 1484 2067 in
1504 2003 1625 2069 christo
1641 2004 1889 2086 quiescentium,
1905 2002 1986 2069 lucis
2000 2014 2123 2070 aeteme

1222 2105 1432 2183 consortium,
1447 2104 1502 2188 qui
1519 2105 1552 2167 in
1567 2103 1630 2168 hac
1645 2102 1718 2167 luce
1732 2104 1832 2186 positi
1846 2113 1939 2170 tuum
1956 2105 2123 2182 consecuti

1221 2214 1298 2271 sunt
1314 2213 1568 2270 sacramentum.
1614 2201 1700 2267 Perar

1518 2465 1599 2532 lltrur
1619 2466 1678 2530 alia
1699 2460 1832 2552 [nisani

1263 2613 1293 2677 F
1293 2613 1438 2692 idelium,
1450 2612 1542 2691 deus,
1553 2612 1701 2677 omnium
1713 2613 1866 2678 conditor
1877 2621 1910 2676 et
1923 2612 2122 2696 redemptor,

1218 2713 1392 2779 animabus
1414 2710 1613 2777 famulorum
1633 2711 1897 2796 famularumque
1918 2720 2049 2776 tuarum
2071 2733 2122 2776 re-

1220 2813 1410 2878 missionem
1426 2821 1618 2876 cunctorum
1634 2810 1742 2876 tribue
1765 2822 1996 2895 peccatorum3
2019 2820 2057 2876 ut
2072 2813 2121 2875 in-

1219 2912 1437 2997 dulgentiam,
1452 2931 1553 2995 quam
1571 2932 1704 2995 semper
1725 2912 1935 2988 obtauerunt,
1957 2912 2021 2996 piis
2043 2932 2120 2996 sup·

1218 3011 1451 3096 plicationibus
1466 3023 1718 3095 consequantur.
1764 3011 1849 3075 Peru

1599 3185 1740 3253 Secreta.

1265 3311 1414 3390 Hostias,
1431 3333 1620 3396 quesumus,
1635 3313 1780 3392 domine,
1796 3333 1878 3396 quas
1897 3311 1958 3377 tibi
1974 3333 2034 3396 pro
2050 3311 2119 3375 ani-

1220 3414 1338 3478 mabus
1358 3412 1557 3478 famulomm
1575 3412 1838 3496 famulammque
1860 3421 1991 3477 tuarum
2014 3411 2122 3477 offeri·

1220 3534 1304 3590 mus,
1319 3514 1518 3597 propitiatus
1541 3514 1697 3592 intende;
1720 3523 1757 3578 ut
1780 3513 1899 3596 quibus
1922 3513 1999 3577 fidei
2021 3511 2121 3577 chris-

1219 3613 1309 3678 tiane
1342 3614 1496 3678 meritum
1530 3612 1707 3690 contulisti,
1738 3614 1843 3678 dones
1880 3623 1914 3677 et
1947 3613 2120 3696 premium.

1220 3713 1307 3778 Per.⁷

1479 3819 1488 3840 ·
1512 3800 1574 3864 Ad
1591 3799 1819 3883 complendmn.
1912 3875 1916 3882 Ι

1260 3923 1459 4004 Animabus,
1480 3945 1667 4008 quesumus,
1690 3925 1833 4000 domine,
1857 3922 2055 3988 famulorum
2071 3920 2120 3984 sa·

1218 4024 1448 4108 mularumque
1466 4033 1597 4090 tuamm
1622 4024 1678 4091 .ill.
1693 4026 1800 4090 oratio
1822 4024 1972 4108 proficiat
1994 4020 2120 4106 suppli·
2176 4024 2177 4030 ’

1217 4125 1383 4203 cantium3
1415 4134 1453 4189 ut
1484 4145 1541 4190 eas
1572 4134 1605 4191 et
1633 4147 1655 4190 a
1684 4125 1829 4209 peccatis
1859 4144 1973 4202 exuas,
1996 4133 2031 4187 et
2053 4131 2119 4187 tuae

1218 4219 1490 4311 rede[m]ptionis
1504 4224 1607 4290 facias
1622 4245 1694 4290 esse
1705 4224 1897 4340 participes.
1942 4224 2028 4288 Peru

1619 4399 1712 4466 Alia.

1259 4525 1458 4602 Animabus,
1479 4545 1665 4608 quesumus,
1683 4524 1827 4605 domine,
1849 4523 2046 4589 famulorum
2070 4524 2118 4588 fa·

1217 4624 1445 4708 mularumque
1474 4625 1604 4689 illorum
1635 4634 1669 4690 et
1699 4624 1829 4689 illamm
1859 4623 2117 4689 misericordiam

1217 4726 1362 4791 concede
1377 4732 1593 4808 perpetuam
1616 4735 1655 4802 ut
1670 4725 1718 4790 eis
1732 4725 1883 4808 proficiat
1899 4725 1932 4788 in
1947 4733 2117 4802 aeternum,

1217 4827 1306 4908 quod
1322 4827 1355 4889 in
1371 4833 1406 4890 te
1421 4834 1637 4909 sperauerunt
1653 4835 1687 4892 et
1702 4825 1922 4891 crediderunt.
1967 4824 2052 4889 Peru

1229 5086 1343 5162 Μίκκα
1363 5087 1671 5170 tauretunensis
1691 5087 1828 5160 urfuurtl,
1848 5087 1895 5151 urI
1910 5087 1959 5152 ‚tit
1980 5086 2028 5151 uel
2042 5086 2099 5151 uir.

1447 5186 1495 5250 orl
1510 5203 1578 5248 arr.
1597 5185 1646 5249 orl
1669 5183 1882 5249 annumero,

1258 5331 1402 5410 Adesto,
1417 5351 1606 5416 quesumus,
1620 5329 1765 5411 domine,
1787 5350 1847 5413 pro
1868 5327 1981 5395 anima
2003 5328 2118 5393 famuli

1214 5433 1264 5498 tui
1287 5432 1344 5498 .ill.
1367 5433 1459 5497 cuius
1481 5432 1516 5496 in
1538 5431 1746 5516 depositione
1772 5449 1831 5494 sua
1857 5429 2000 5495 officium
2026 5450 2117 5494 com-

1215 5532 1463 5597 memorationis
1479 5531 1720 5614 impendimus3
1742 5540 1779 5595 ut
1795 5530 1821 5594 si
1838 5551 1903 5613 qua
1921 5550 1997 5594 eum
2013 5549 2116 5593 saecu-

1216 5632 1293 5698 laris
1319 5631 1450 5700 macula
1474 5631 1615 5714 inhaesit,
1640 5640 1699 5697 aut
1724 5631 1846 5696 uicium
1874 5629 2042 5696 mundiale
2069 5631 2117 5694 in·
