<?xml version="1.0" encoding="UTF-8"?>
<!DOCTYPE html PUBLIC "-//W3C//DTD XHTML 1.0 Transitional//EN"
    "http://www.w3.org/TR/xhtml1/DTD/xhtml1-transitional.dtd">
<html xmlns="http://www.w3.org/1999/xhtml" xml:lang="en" lang="en">
 <head>
  <title>
</title>
<meta http-equiv="Content-Type" content="text/html;charset=utf-8" />
  <meta name='ocr-system' content='tesseract 3.04.00' />
  <meta name='ocr-capabilities' content='ocr_page ocr_carea ocr_par ocr_line ocrx_word'/>
</head>
<body>
  <div class='ocr_page' id='page_1' title='image "./leofricmissalas00cathgoog/leofricmissalas00cathgoog_0142.png"; bbox 0 0 5124 6608; ppageno 0'>
   <div class='ocr_carea' id='block_1_1' title="bbox 506 589 895 684">
    <p class='ocr_par' dir='ltr' id='par_1_1' title="bbox 506 589 895 684">
     <span class='ocr_line' id='line_1_1' title="bbox 506 589 895 684; baseline 0 -19"><span class='ocrx_word' id='word_1_1' title='bbox 506 589 691 684; x_wconf 65' lang='lat' dir='ltr'>dptphuulu</span> <span class='ocrx_word' id='word_1_2' title='bbox 715 589 864 665; x_wconf 62' lang='lat' dir='ltr'>Bauius.</span> <span class='ocrx_word' id='word_1_3' title='bbox 893 593 895 597; x_wconf 79' lang='grc'><strong>’</strong></span> 
     </span>
    </p>
   </div>
   <div class='ocr_carea' id='block_1_2' title="bbox 248 790 1149 958">
    <p class='ocr_par' dir='ltr' id='par_1_2' title="bbox 248 790 1149 958">
     <span class='ocr_line' id='line_1_2' title="bbox 250 790 1149 876; baseline -0.001 -19"><span class='ocrx_word' id='word_1_4' title='bbox 250 792 354 857; x_wconf 81' lang='lat' dir='ltr'>nebris</span> <span class='ocrx_word' id='word_1_5' title='bbox 376 811 488 856; x_wconf 89' lang='lat' dir='ltr'>carere</span> <span class='ocrx_word' id='word_1_6' title='bbox 509 790 690 870; x_wconf 87' lang='lat' dir='ltr'>ualeamus,</span> <span class='ocrx_word' id='word_1_7' title='bbox 713 799 747 855; x_wconf 89' lang='lat' dir='ltr'>et</span> <span class='ocrx_word' id='word_1_8' title='bbox 769 791 1002 874; x_wconf 81' lang='lat' dir='ltr'>perueniantus</span> <span class='ocrx_word' id='word_1_9' title='bbox 1024 793 1067 858; x_wconf 81' lang='lat' dir='ltr'>ad</span> <span class='ocrx_word' id='word_1_10' title='bbox 1091 813 1149 876; x_wconf 89' lang='lat' dir='ltr'>pa-</span> 
     </span>
     <span class='ocr_line' id='line_1_3' title="bbox 248 891 822 958; baseline -0.007 0"><span class='ocrx_word' id='word_1_11' title='bbox 248 893 341 958; x_wconf 89' lang='lat' dir='ltr'>triam</span> <span class='ocrx_word' id='word_1_12' title='bbox 364 891 524 956; x_wconf 84' lang='lat' dir='ltr'><strong>claritatis</strong></span> <span class='ocrx_word' id='word_1_13' title='bbox 538 901 682 956; x_wconf 83' lang='lat' dir='ltr'>aetemae.</span> <span class='ocrx_word' id='word_1_14' title='bbox 728 891 790 956; x_wconf 89' lang='lat' dir='ltr'>Per</span> <span class='ocrx_word' id='word_1_15' title='bbox 799 891 822 954; x_wconf 87' lang='lat'>¹.</span> 
     </span>
    </p>
   </div>
   <div class='ocr_carea' id='block_1_3' title="bbox 625 1066 765 1132">
    <p class='ocr_par' dir='ltr' id='par_1_3' title="bbox 625 1066 765 1132">
     <span class='ocr_line' id='line_1_4' title="bbox 625 1066 765 1132; baseline -0.021 0"><span class='ocrx_word' id='word_1_16' title='bbox 625 1066 765 1132; x_wconf 81' lang='lat' dir='ltr'>Secreta.</span> 
     </span>
    </p>
   </div>
   <div class='ocr_carea' id='block_1_4' title="bbox 244 1192 1149 1478">
    <p class='ocr_par' dir='ltr' id='par_1_4' title="bbox 244 1192 1149 1478">
     <span class='ocr_line' id='line_1_5' title="bbox 286 1192 1149 1277; baseline -0.002 -19"><span class='ocrx_word' id='word_1_17' title='bbox 286 1192 420 1273; x_wconf 91' lang='lat' dir='ltr'>Tribue‚</span> <span class='ocrx_word' id='word_1_18' title='bbox 442 1213 632 1275; x_wconf 84' lang='lat' dir='ltr'>quesumus,</span> <span class='ocrx_word' id='word_1_19' title='bbox 654 1193 798 1271; x_wconf 91' lang='lat' dir='ltr'>domine,</span> <span class='ocrx_word' id='word_1_20' title='bbox 820 1202 857 1257; x_wconf 90' lang='lat' dir='ltr'>ut</span> <span class='ocrx_word' id='word_1_21' title='bbox 881 1213 958 1256; x_wconf 91' lang='lat' dir='ltr'>eum</span> <span class='ocrx_word' id='word_1_22' title='bbox 978 1194 1149 1277; x_wconf 76' lang='lat' dir='ltr'>praesenti·</span> 
     </span>
     <span class='ocr_line' id='line_1_6' title="bbox 244 1292 1147 1376; baseline -0.002 -18"><span class='ocrx_word' id='word_1_23' title='bbox 244 1293 305 1358; x_wconf 93' lang='lat' dir='ltr'>bus</span> <span class='ocrx_word' id='word_1_24' title='bbox 335 1293 546 1359; x_wconf 89' lang='lat' dir='ltr'>immolemus</span> <span class='ocrx_word' id='word_1_25' title='bbox 575 1292 751 1369; x_wconf 86' lang='lat' dir='ltr'>sacrificiis,</span> <span class='ocrx_word' id='word_1_26' title='bbox 779 1301 813 1357; x_wconf 91' lang='lat' dir='ltr'>et</span> <span class='ocrx_word' id='word_1_27' title='bbox 844 1313 1022 1372; x_wconf 87' lang='lat' dir='ltr'>sumamus,</span> <span class='ocrx_word' id='word_1_28' title='bbox 1048 1313 1147 1376; x_wconf 90' lang='lat' dir='ltr'>quern</span> 
     </span>
     <span class='ocr_line' id='line_1_7' title="bbox 244 1390 1149 1478; baseline -0.001 -21"><span class='ocrx_word' id='word_1_29' title='bbox 244 1404 389 1458; x_wconf 75' lang='lat' dir='ltr'>uentura</span> <span class='ocrx_word' id='word_1_30' title='bbox 401 1393 657 1476; x_wconf 86' lang='lat' dir='ltr'>sollempnitatis</span> <span class='ocrx_word' id='word_1_31' title='bbox 666 1395 721 1478; x_wconf 92' lang='lat' dir='ltr'>pia</span> <span class='ocrx_word' id='word_1_32' title='bbox 732 1412 866 1457; x_wconf 90' lang='lat' dir='ltr'>munera</span> <span class='ocrx_word' id='word_1_33' title='bbox 875 1390 1149 1476; x_wconf 77' lang='lat' dir='ltr'>praeloquuntur².</span> 
     </span>
    </p>
   </div>
   <div class='ocr_carea' id='block_1_5' title="bbox 244 1492 844 1662">
    <p class='ocr_par' dir='ltr' id='par_1_5' title="bbox 244 1492 844 1662">
     <span class='ocr_line' id='line_1_8' title="bbox 244 1492 336 1559; baseline -0.022 0"><span class='ocrx_word' id='word_1_34' title='bbox 244 1496 305 1559; x_wconf 91' lang='lat' dir='ltr'>Per</span> <span class='ocrx_word' id='word_1_35' title='bbox 313 1492 336 1557; x_wconf 81' lang='lat'>⁸.</span> 
     </span>
     <span class='ocr_line' id='line_1_9' title="bbox 544 1578 844 1662; baseline 0.007 -18"><span class='ocrx_word' id='word_1_36' title='bbox 544 1578 607 1644; x_wconf 77' lang='lat' dir='ltr'>Ad</span> <span class='ocrx_word' id='word_1_37' title='bbox 615 1579 844 1662; x_wconf 78' lang='lat' dir='ltr'>complendum.</span> 
     </span>
    </p>
   </div>
   <div class='ocr_carea' id='block_1_6' title="bbox 241 1703 1148 2191">
    <p class='ocr_par' dir='ltr' id='par_1_6' title="bbox 241 1703 1148 2191">
     <span class='ocr_line' id='line_1_10' title="bbox 286 1703 1148 1789; baseline -0.005 -19"><span class='ocrx_word' id='word_1_38' title='bbox 286 1706 461 1786; x_wconf 85' lang='lat' dir='ltr'>inlumina,</span> <span class='ocrx_word' id='word_1_39' title='bbox 478 1723 667 1789; x_wconf 89' lang='lat' dir='ltr'>quesumus,</span> <span class='ocrx_word' id='word_1_40' title='bbox 687 1705 831 1780; x_wconf 91' lang='lat' dir='ltr'>domine,</span> <span class='ocrx_word' id='word_1_41' title='bbox 854 1703 1016 1788; x_wconf 89' lang='lat' dir='ltr'>populum</span> <span class='ocrx_word' id='word_1_42' title='bbox 1040 1713 1148 1778; x_wconf 90' lang='lat' dir='ltr'>tuum,</span> 
     </span>
     <span class='ocr_line' id='line_1_11' title="bbox 243 1803 1147 1891; baseline -0.006 -21"><span class='ocrx_word' id='word_1_43' title='bbox 243 1815 276 1870; x_wconf 92' lang='lat' dir='ltr'>et</span> <span class='ocrx_word' id='word_1_44' title='bbox 291 1807 468 1891; x_wconf 87' lang='lat' dir='ltr'>splendore</span> <span class='ocrx_word' id='word_1_45' title='bbox 482 1805 598 1890; x_wconf 84' lang='lat' dir='ltr'>gratiae</span> <span class='ocrx_word' id='word_1_46' title='bbox 611 1816 677 1870; x_wconf 90' lang='lat' dir='ltr'>tuae</span> <span class='ocrx_word' id='word_1_47' title='bbox 694 1825 752 1869; x_wconf 92' lang='lat' dir='ltr'>cor</span> <span class='ocrx_word' id='word_1_48' title='bbox 766 1806 835 1870; x_wconf 91' lang='lat' dir='ltr'>eius</span> <span class='ocrx_word' id='word_1_49' title='bbox 851 1824 984 1887; x_wconf 83' lang='lat' dir='ltr'>semper</span> <span class='ocrx_word' id='word_1_50' title='bbox 993 1803 1147 1880; x_wconf 87' lang='lat' dir='ltr'>accende,</span> 
     </span>
     <span class='ocr_line' id='line_1_12' title="bbox 242 1902 1147 1984; baseline -0.006 -13"><span class='ocrx_word' id='word_1_51' title='bbox 242 1915 279 1971; x_wconf 93' lang='lat' dir='ltr'>ut</span> <span class='ocrx_word' id='word_1_52' title='bbox 304 1906 478 1970; x_wconf 90' lang='lat' dir='ltr'>saluatoris</span> <span class='ocrx_word' id='word_1_53' title='bbox 505 1905 628 1984; x_wconf 88' lang='lat' dir='ltr'>mundi,</span> <span class='ocrx_word' id='word_1_54' title='bbox 652 1905 747 1970; x_wconf 91' lang='lat' dir='ltr'>stella</span> <span class='ocrx_word' id='word_1_55' title='bbox 777 1904 968 1980; x_wconf 81' lang='lat' dir='ltr'>famulante,</span> <span class='ocrx_word' id='word_1_56' title='bbox 992 1902 1147 1968; x_wconf 85' lang='lat' dir='ltr'>manifes-</span> 
     </span>
     <span class='ocr_line' id='line_1_13' title="bbox 242 2004 1146 2072; baseline -0.007 0"><span class='ocrx_word' id='word_1_57' title='bbox 242 2013 313 2072; x_wconf 88' lang='lat' dir='ltr'>tata</span> <span class='ocrx_word' id='word_1_58' title='bbox 335 2007 492 2072; x_wconf 89' lang='lat' dir='ltr'>natiuitas</span> <span class='ocrx_word' id='word_1_59' title='bbox 511 2005 678 2072; x_wconf 91' lang='lat' dir='ltr'>mentibus</span> <span class='ocrx_word' id='word_1_60' title='bbox 699 2025 812 2069; x_wconf 94' lang='lat' dir='ltr'>eorum</span> <span class='ocrx_word' id='word_1_61' title='bbox 829 2013 862 2070; x_wconf 90' lang='lat' dir='ltr'>et</span> <span class='ocrx_word' id='word_1_62' title='bbox 881 2004 1046 2069; x_wconf 90' lang='lat' dir='ltr'>reueletur</span> <span class='ocrx_word' id='word_1_63' title='bbox 1059 2021 1146 2068; x_wconf 92' lang='lat' dir='ltr'>sem·</span> 
     </span>
     <span class='ocr_line' id='line_1_14' title="bbox 241 2100 823 2191; baseline -0.007 -19"><span class='ocrx_word' id='word_1_64' title='bbox 241 2126 299 2190; x_wconf 91' lang='lat' dir='ltr'>per</span> <span class='ocrx_word' id='word_1_65' title='bbox 314 2114 347 2171; x_wconf 93' lang='lat' dir='ltr'>et</span> <span class='ocrx_word' id='word_1_66' title='bbox 363 2115 498 2171; x_wconf 79' lang='lat' dir='ltr'>crescat.</span> <span class='ocrx_word' id='word_1_67' title='bbox 543 2105 607 2170; x_wconf 89' lang='lat' dir='ltr'>Per</span> <span class='ocrx_word' id='word_1_68' title='bbox 621 2100 791 2191; x_wconf 91' lang='lat' dir='ltr'>(eundem)</span> <span class='ocrx_word' id='word_1_69' title='bbox 801 2102 823 2168; x_wconf 82' lang='lat'>⁴.</span> 
     </span>
    </p>
   </div>
   <div class='ocr_carea' id='block_1_7' title="bbox 350 2349 1036 2434">
    <p class='ocr_par' dir='ltr' id='par_1_7' title="bbox 350 2349 1036 2434">
     <span class='ocr_line' id='line_1_15' title="bbox 350 2349 1036 2434; baseline -0.004 -17"><span class='ocrx_word' id='word_1_70' title='bbox 350 2351 464 2418; x_wconf 70' lang='lat' dir='ltr'>ultr.</span> <span class='ocrx_word' id='word_1_71' title='bbox 484 2351 533 2416; x_wconf 75' lang='lat' dir='ltr'>liu.</span> <span class='ocrx_word' id='word_1_72' title='bbox 554 2352 668 2416; x_wconf 82' lang='lat' dir='ltr'>ianuar.</span> <span class='ocrx_word' id='word_1_73' title='bbox 709 2349 882 2434; x_wconf 54' lang='lat' dir='ltr'>&amp;piphania</span> <span class='ocrx_word' id='word_1_74' title='bbox 901 2352 1036 2416; x_wconf 61' lang='lat' dir='ltr'>contult</span> 
     </span>
    </p>
   </div>
   <div class='ocr_carea' id='block_1_8' title="bbox 510 2495 884 2581">
    <p class='ocr_par' dir='ltr' id='par_1_8' title="bbox 510 2495 884 2581">
     <span class='ocr_line' id='line_1_16' title="bbox 510 2495 884 2581; baseline 0.003 -20"><span class='ocrx_word' id='word_1_75' title='bbox 510 2495 574 2562; x_wconf 76' lang='lat' dir='ltr'>Ad</span> <span class='ocrx_word' id='word_1_76' title='bbox 586 2507 735 2563; x_wconf 82' lang='lat' dir='ltr'>sanctum</span> <span class='ocrx_word' id='word_1_77' title='bbox 742 2507 884 2581; x_wconf 81' lang='lat' dir='ltr'>petrum.</span> 
     </span>
    </p>
   </div>
   <div class='ocr_carea' id='block_1_9' title="bbox 241 2623 1147 3088">
    <p class='ocr_par' dir='ltr' id='par_1_9' title="bbox 241 2623 1147 3088">
     <span class='ocr_line' id='line_1_17' title="bbox 286 2623 1145 2703; baseline -0.003 -15"><span class='ocrx_word' id='word_1_78' title='bbox 286 2623 401 2703; x_wconf 71' lang='lat' dir='ltr'>Deua,</span> <span class='ocrx_word' id='word_1_79' title='bbox 413 2637 481 2701; x_wconf 81' lang='lat' dir='ltr'>our</span> <span class='ocrx_word' id='word_1_80' title='bbox 498 2636 698 2687; x_wconf 80' lang='lat' dir='ltr'>uomaaun</span> <span class='ocrx_word' id='word_1_81' title='bbox 710 2637 775 2687; x_wconf 81' lang='lat' dir='ltr'>ors</span> <span class='ocrx_word' id='word_1_82' title='bbox 789 2636 1038 2689; x_wconf 77' lang='lat' dir='ltr'>uuruuurrum</span> <span class='ocrx_word' id='word_1_83' title='bbox 1049 2632 1145 2687; x_wconf 90' lang='lat' dir='ltr'>tuum</span> 
     </span>
     <span class='ocr_line' id='line_1_18' title="bbox 241 2722 1146 2808; baseline -0.003 -20"><span class='ocrx_word' id='word_1_84' title='bbox 241 2724 405 2808; x_wconf 90' lang='lat' dir='ltr'>gentibus,</span> <span class='ocrx_word' id='word_1_85' title='bbox 416 2723 515 2789; x_wconf 90' lang='lat' dir='ltr'>stella</span> <span class='ocrx_word' id='word_1_86' title='bbox 526 2724 622 2800; x_wconf 90' lang='lat' dir='ltr'>duce,</span> <span class='ocrx_word' id='word_1_87' title='bbox 635 2722 807 2800; x_wconf 89' lang='lat' dir='ltr'>reuelasti;</span> <span class='ocrx_word' id='word_1_88' title='bbox 825 2723 972 2788; x_wconf 90' lang='lat' dir='ltr'>concede</span> <span class='ocrx_word' id='word_1_89' title='bbox 984 2723 1146 2807; x_wconf 89' lang='lat' dir='ltr'>propitius</span> 
     </span>
     <span class='ocr_line' id='line_1_19' title="bbox 243 2819 1146 2907; baseline 0.001 -21"><span class='ocrx_word' id='word_1_90' title='bbox 243 2834 280 2888; x_wconf 92' lang='lat' dir='ltr'>ut</span> <span class='ocrx_word' id='word_1_91' title='bbox 302 2824 359 2907; x_wconf 94' lang='lat' dir='ltr'>qui</span> <span class='ocrx_word' id='word_1_92' title='bbox 390 2824 457 2888; x_wconf 91' lang='lat' dir='ltr'>iam</span> <span class='ocrx_word' id='word_1_93' title='bbox 487 2831 522 2888; x_wconf 87' lang='lat' dir='ltr'>te</span> <span class='ocrx_word' id='word_1_94' title='bbox 553 2845 598 2888; x_wconf 88' lang='lat' dir='ltr'>ex</span> <span class='ocrx_word' id='word_1_95' title='bbox 623 2819 691 2888; x_wconf 86' lang='lat' dir='ltr'>fide</span> <span class='ocrx_word' id='word_1_96' title='bbox 721 2823 947 2907; x_wconf 91' lang='lat' dir='ltr'>cognouimus,</span> <span class='ocrx_word' id='word_1_97' title='bbox 971 2843 1076 2905; x_wconf 90' lang='lat' dir='ltr'>usque</span> <span class='ocrx_word' id='word_1_98' title='bbox 1102 2821 1146 2887; x_wconf 91' lang='lat' dir='ltr'>ad</span> 
     </span>
     <span class='ocr_line' id='line_1_20' title="bbox 243 2922 1147 3007; baseline -0.002 -20"><span class='ocrx_word' id='word_1_99' title='bbox 243 2923 533 3007; x_wconf 89' lang='lat' dir='ltr'>contemplandam</span> <span class='ocrx_word' id='word_1_100' title='bbox 566 2924 709 3007; x_wconf 91' lang='lat' dir='ltr'>speciem</span> <span class='ocrx_word' id='word_1_101' title='bbox 740 2933 809 2990; x_wconf 85' lang='lat' dir='ltr'>tuae</span> <span class='ocrx_word' id='word_1_102' title='bbox 838 2922 1042 2988; x_wconf 89' lang='lat' dir='ltr'>celsitudinis</span> <span class='ocrx_word' id='word_1_103' title='bbox 1072 2942 1147 3005; x_wconf 93' lang='lat' dir='ltr'>per·</span> 
     </span>
     <span class='ocr_line' id='line_1_21' title="bbox 243 3023 700 3088; baseline 0 0"><span class='ocrx_word' id='word_1_104' title='bbox 243 3023 407 3088; x_wconf 86' lang='lat' dir='ltr'>ducemur.</span> <span class='ocrx_word' id='word_1_105' title='bbox 453 3025 516 3088; x_wconf 88' lang='lat' dir='ltr'>Per</span> <span class='ocrx_word' id='word_1_106' title='bbox 532 3025 700 3088; x_wconf 65' lang='lat' dir='ltr'>eundem*</span> 
     </span>
    </p>
   </div>
   <div class='ocr_carea' id='block_1_10' title="bbox 625 3162 767 3229">
    <p class='ocr_par' dir='ltr' id='par_1_10' title="bbox 625 3162 767 3229">
     <span class='ocr_line' id='line_1_22' title="bbox 625 3162 767 3229; baseline -0.007 0"><span class='ocrx_word' id='word_1_107' title='bbox 625 3162 767 3229; x_wconf 78' lang='lat' dir='ltr'>Secreta.</span> 
     </span>
    </p>
   </div>
   <div class='ocr_carea' id='block_1_11' title="bbox 242 3286 1149 3666">
    <p class='ocr_par' dir='ltr' id='par_1_11' title="bbox 242 3286 1149 3666">
     <span class='ocr_line' id='line_1_23' title="bbox 283 3286 1149 3371; baseline -0.002 -17"><span class='ocrx_word' id='word_1_108' title='bbox 283 3286 459 3354; x_wconf 84' lang='lat' dir='ltr'>AEcclesiae</span> <span class='ocrx_word' id='word_1_109' title='bbox 484 3295 564 3364; x_wconf 75' lang='lat' dir='ltr'>tua,</span> <span class='ocrx_word' id='word_1_110' title='bbox 586 3308 773 3371; x_wconf 90' lang='lat' dir='ltr'>quesumus,</span> <span class='ocrx_word' id='word_1_111' title='bbox 791 3287 936 3366; x_wconf 92' lang='lat' dir='ltr'>domine,</span> <span class='ocrx_word' id='word_1_112' title='bbox 959 3287 1048 3352; x_wconf 92' lang='lat' dir='ltr'>dona</span> <span class='ocrx_word' id='word_1_113' title='bbox 1073 3307 1149 3370; x_wconf 91' lang='lat' dir='ltr'>pro-</span> 
     </span>
     <span class='ocr_line' id='line_1_24' title="bbox 243 3385 1148 3471; baseline 0.003 -21"><span class='ocrx_word' id='word_1_114' title='bbox 243 3387 343 3471; x_wconf 88' lang='lat' dir='ltr'>pitius</span> <span class='ocrx_word' id='word_1_115' title='bbox 368 3386 504 3465; x_wconf 88' lang='lat' dir='ltr'>intuere,</span> <span class='ocrx_word' id='word_1_116' title='bbox 527 3388 647 3471; x_wconf 92' lang='lat' dir='ltr'>quibus</span> <span class='ocrx_word' id='word_1_117' title='bbox 671 3407 738 3453; x_wconf 93' lang='lat' dir='ltr'>non</span> <span class='ocrx_word' id='word_1_118' title='bbox 760 3388 828 3452; x_wconf 91' lang='lat' dir='ltr'>iarn</span> <span class='ocrx_word' id='word_1_119' title='bbox 854 3407 981 3465; x_wconf 89' lang='lat' dir='ltr'>aurum,</span> <span class='ocrx_word' id='word_1_120' title='bbox 1004 3385 1089 3467; x_wconf 89' lang='lat' dir='ltr'>thus,</span> <span class='ocrx_word' id='word_1_121' title='bbox 1113 3398 1148 3453; x_wconf 89' lang='lat' dir='ltr'>et</span> 
     </span>
     <span class='ocr_line' id='line_1_25' title="bbox 243 3487 1146 3571; baseline 0.001 -20"><span class='ocrx_word' id='word_1_122' title='bbox 243 3507 354 3570; x_wconf 85' lang='lat' dir='ltr'>myrra</span> <span class='ocrx_word' id='word_1_123' title='bbox 379 3487 551 3570; x_wconf 79' lang='lat' dir='ltr'>profertur,</span> <span class='ocrx_word' id='word_1_124' title='bbox 574 3489 634 3552; x_wconf 89' lang='lat' dir='ltr'>sed</span> <span class='ocrx_word' id='word_1_125' title='bbox 661 3489 751 3571; x_wconf 90' lang='lat' dir='ltr'>quod</span> <span class='ocrx_word' id='word_1_126' title='bbox 779 3489 823 3552; x_wconf 88' lang='lat' dir='ltr'>de</span> <span class='ocrx_word' id='word_1_127' title='bbox 850 3487 1146 3560; x_wconf 70' lang='lat' dir='ltr'>eisdemmuneri-</span> 
     </span>
     <span class='ocr_line' id='line_1_26' title="bbox 242 3586 1075 3666; baseline -0.002 -14"><span class='ocrx_word' id='word_1_128' title='bbox 242 3587 305 3652; x_wconf 90' lang='lat' dir='ltr'>bus</span> <span class='ocrx_word' id='word_1_129' title='bbox 319 3587 515 3664; x_wconf 81' lang='lat' dir='ltr'>declaratur,</span> <span class='ocrx_word' id='word_1_130' title='bbox 533 3586 732 3666; x_wconf 87' lang='lat' dir='ltr'>immolatur,</span> <span class='ocrx_word' id='word_1_131' title='bbox 749 3597 783 3653; x_wconf 92' lang='lat' dir='ltr'>et</span> <span class='ocrx_word' id='word_1_132' title='bbox 799 3589 950 3651; x_wconf 89' lang='lat' dir='ltr'>sumitur.</span> <span class='ocrx_word' id='word_1_133' title='bbox 989 3587 1075 3653; x_wconf 60' lang='lat' dir='ltr'>Peru</span> 
     </span>
    </p>
   </div>
   <div class='ocr_carea' id='block_1_12' title="bbox 608 3754 782 3837">
    <p class='ocr_par' dir='ltr' id='par_1_12' title="bbox 608 3754 782 3837">
     <span class='ocr_line' id='line_1_27' title="bbox 608 3754 782 3837; baseline 0 -19"><span class='ocrx_word' id='word_1_134' title='bbox 608 3754 782 3837; x_wconf 71' lang='lat' dir='ltr'>Proesattb.</span> 
     </span>
    </p>
   </div>
   <div class='ocr_carea' id='block_1_13' title="bbox 242 3877 1147 4263">
    <p class='ocr_par' dir='ltr' id='par_1_13' title="bbox 242 3877 1147 4263">
     <span class='ocr_line' id='line_1_28' title="bbox 285 3877 1147 3964; baseline -0.003 -17"><span class='ocrx_word' id='word_1_135' title='bbox 285 3877 331 3947; x_wconf 87' lang='lat' dir='ltr'>U.</span> <span class='ocrx_word' id='word_1_136' title='bbox 348 3879 394 3944; x_wconf 93' lang='lat' dir='ltr'>D.</span> <span class='ocrx_word' id='word_1_137' title='bbox 409 3887 532 3944; x_wconf 84' lang='lat' dir='ltr'>aeteme</span> <span class='ocrx_word' id='word_1_138' title='bbox 554 3878 647 3944; x_wconf 92' lang='lat' dir='ltr'>deus.</span> <span class='ocrx_word' id='word_1_139' title='bbox 692 3877 759 3962; x_wconf 87' lang='lat' dir='ltr'>Qui</span> <span class='ocrx_word' id='word_1_140' title='bbox 775 3899 852 3945; x_wconf 92' lang='lat' dir='ltr'>cum</span> <span class='ocrx_word' id='word_1_141' title='bbox 867 3879 1055 3964; x_wconf 88' lang='lat' dir='ltr'>unigenitus</span> <span class='ocrx_word' id='word_1_142' title='bbox 1069 3888 1147 3945; x_wconf 92' lang='lat' dir='ltr'>tuus</span> 
     </span>
     <span class='ocr_line' id='line_1_29' title="bbox 243 3979 1145 4063; baseline -0.001 -19"><span class='ocrx_word' id='word_1_143' title='bbox 243 3980 276 4045; x_wconf 93' lang='lat' dir='ltr'>in</span> <span class='ocrx_word' id='word_1_144' title='bbox 310 3980 497 4047; x_wconf 90' lang='lat' dir='ltr'>substantia</span> <span class='ocrx_word' id='word_1_145' title='bbox 528 3989 648 4044; x_wconf 88' lang='lat' dir='ltr'>nostrae</span> <span class='ocrx_word' id='word_1_146' title='bbox 679 3979 890 4044; x_wconf 86' lang='lat' dir='ltr'>mortalitatis</span> <span class='ocrx_word' id='word_1_147' title='bbox 919 3979 1081 4063; x_wconf 89' lang='lat' dir='ltr'>apparuit,</span> <span class='ocrx_word' id='word_1_148' title='bbox 1112 3980 1145 4043; x_wconf 92' lang='lat' dir='ltr'>in</span> 
     </span>
     <span class='ocr_line' id='line_1_30' title="bbox 243 4078 1145 4162; baseline 0.002 -19"><span class='ocrx_word' id='word_1_149' title='bbox 243 4100 329 4145; x_wconf 89' lang='lat' dir='ltr'>noua</span> <span class='ocrx_word' id='word_1_150' title='bbox 347 4100 408 4145; x_wconf 93' lang='lat' dir='ltr'>nos</span> <span class='ocrx_word' id='word_1_151' title='bbox 428 4078 687 4143; x_wconf 85' lang='lat' dir='ltr'>immortalitatis</span> <span class='ocrx_word' id='word_1_152' title='bbox 705 4099 774 4143; x_wconf 86' lang='lat' dir='ltr'>suae</span> <span class='ocrx_word' id='word_1_153' title='bbox 790 4079 862 4144; x_wconf 90' lang='lat' dir='ltr'>luce</span> <span class='ocrx_word' id='word_1_154' title='bbox 877 4079 1052 4162; x_wconf 88' lang='lat' dir='ltr'>reparauit.</span> <span class='ocrx_word' id='word_1_155' title='bbox 1099 4079 1145 4145; x_wconf 90' lang='lat' dir='ltr'>Et</span> 
     </span>
     <span class='ocr_line' id='line_1_31' title="bbox 242 4179 597 4263; baseline 0.003 -21"><span class='ocrx_word' id='word_1_156' title='bbox 242 4179 316 4245; x_wconf 92' lang='lat' dir='ltr'>ideo</span> <span class='ocrx_word' id='word_1_157' title='bbox 331 4200 407 4244; x_wconf 93' lang='lat' dir='ltr'>cum</span> <span class='ocrx_word' id='word_1_158' title='bbox 423 4179 551 4263; x_wconf 89' lang='lat' dir='ltr'>angelis</span> <span class='ocrx_word' id='word_1_159' title='bbox 560 4179 597 4243; x_wconf 54' lang='lat'>⁶³</span> 
     </span>
    </p>
   </div>
   <div class='ocr_carea' id='block_1_14' title="bbox 241 4367 1174 5208">
    <p class='ocr_par' dir='ltr' id='par_1_14' title="bbox 272 4367 948 4436">
     <span class='ocr_line' id='line_1_32' title="bbox 272 4367 948 4436; baseline 0.003 -16"><span class='ocrx_word' id='word_1_160' title='bbox 272 4367 282 4400; x_wconf 89' lang='lat'>¹</span> <span class='ocrx_word' id='word_1_161' title='bbox 297 4369 355 4421; x_wconf 87' lang='lat' dir='ltr'>Gel.</span> <span class='ocrx_word' id='word_1_162' title='bbox 368 4386 394 4436; x_wconf 85' lang='lat' dir='ltr'>p.</span> <span class='ocrx_word' id='word_1_163' title='bbox 407 4383 464 4435; x_wconf 86' lang='lat'>50¹·</span> <span class='ocrx_word' id='word_1_164' title='bbox 773 4368 784 4400; x_wconf 66' lang='lat'>2</span> <span class='ocrx_word' id='word_1_165' title='bbox 799 4369 839 4422; x_wconf 91' lang='lat' dir='ltr'>Ib.</span> <span class='ocrx_word' id='word_1_166' title='bbox 851 4386 876 4436; x_wconf 89' lang='lat' dir='ltr'>p.</span> <span class='ocrx_word' id='word_1_167' title='bbox 891 4382 948 4434; x_wconf 78' lang='lat'>50².</span> 
     </span>
    </p>

    <p class='ocr_par' dir='ltr' id='par_1_15' title="bbox 241 4447 1174 4986">
     <span class='ocr_line' id='line_1_33' title="bbox 272 4447 1145 4514; baseline -0.002 -14"><span class='ocrx_word' id='word_1_168' title='bbox 272 4449 282 4480; x_wconf 84' lang='lat'>¹</span> <span class='ocrx_word' id='word_1_169' title='bbox 305 4449 461 4514; x_wconf 72' lang='lat' dir='ltr'>÷Prafatrh</span> <span class='ocrx_word' id='word_1_170' title='bbox 478 4448 515 4499; x_wconf 88' lang='lat' dir='ltr'>Te</span> <span class='ocrx_word' id='word_1_171' title='bbox 523 4447 625 4500; x_wconf 86' lang='lat' dir='ltr'>laudare</span> <span class='ocrx_word' id='word_1_172' title='bbox 632 4447 773 4500; x_wconf 85' lang='lat' dir='ltr'>mirabilem</span> <span class='ocrx_word' id='word_1_173' title='bbox 785 4449 859 4499; x_wconf 87' lang='lat' dir='ltr'>deam</span> <span class='ocrx_word' id='word_1_174' title='bbox 868 4448 894 4498; x_wconf 86' lang='lat' dir='ltr'>iu</span> <span class='ocrx_word' id='word_1_175' title='bbox 903 4448 1018 4500; x_wconf 86' lang='lat' dir='ltr'>omuibus</span> <span class='ocrx_word' id='word_1_176' title='bbox 1029 4448 1145 4514; x_wconf 83' lang='lat' dir='ltr'>operibus</span> 
     </span>
     <span class='ocr_line' id='line_1_34' title="bbox 241 4527 1174 4598; baseline -0.003 -19"><span class='ocrx_word' id='word_1_177' title='bbox 241 4528 297 4586; x_wconf 79' lang='lat' dir='ltr'>ruis.</span> <span class='ocrx_word' id='word_1_178' title='bbox 307 4528 398 4594; x_wconf 88' lang='lat' dir='ltr'>quibus</span> <span class='ocrx_word' id='word_1_179' title='bbox 407 4527 576 4578; x_wconf 83' lang='lat' dir='ltr'>sacratissima</span> <span class='ocrx_word' id='word_1_180' title='bbox 587 4529 655 4592; x_wconf 85' lang='lat' dir='ltr'>regni</span> <span class='ocrx_word' id='word_1_181' title='bbox 667 4529 704 4577; x_wconf 87' lang='lat' dir='ltr'>tui</span> <span class='ocrx_word' id='word_1_182' title='bbox 715 4528 832 4592; x_wconf 83' lang='lat' dir='ltr'>mysteria</span> <span class='ocrx_word' id='word_1_183' title='bbox 842 4527 966 4578; x_wconf 88' lang='lat' dir='ltr'>reuelasti.</span> <span class='ocrx_word' id='word_1_184' title='bbox 992 4527 1145 4577; x_wconf 83' lang='lat' dir='ltr'>Hancenim</span> <span class='ocrx_word' id='word_1_185' title='bbox 1173 4591 1174 4598; x_wconf 10' lang='grc' dir='ltr'>ἵ</span> 
     </span>
     <span class='ocr_line' id='line_1_35' title="bbox 241 4605 1145 4672; baseline 0 -16"><span class='ocrx_word' id='word_1_186' title='bbox 241 4607 401 4658; x_wconf 82' lang='lat' dir='ltr'>iestiuitatem</span> <span class='ocrx_word' id='word_1_187' title='bbox 426 4605 560 4656; x_wconf 78' lang='lat' dir='ltr'>dominica</span> <span class='ocrx_word' id='word_1_188' title='bbox 583 4605 748 4670; x_wconf 81' lang='lat' dir='ltr'>apparitionis</span> <span class='ocrx_word' id='word_1_189' title='bbox 770 4606 846 4655; x_wconf 87' lang='lat' dir='ltr'>index</span> <span class='ocrx_word' id='word_1_190' title='bbox 871 4611 991 4672; x_wconf 85' lang='lat' dir='ltr'>perpetua</span> <span class='ocrx_word' id='word_1_191' title='bbox 1015 4605 1145 4670; x_wconf 84' lang='lat' dir='ltr'>uirginalis</span> 
     </span>
     <span class='ocr_line' id='line_1_36' title="bbox 241 4683 1144 4750; baseline -0.004 -14"><span class='ocrx_word' id='word_1_192' title='bbox 241 4683 313 4736; x_wconf 74' lang='lat' dir='ltr'>stella</span> <span class='ocrx_word' id='word_1_193' title='bbox 330 4686 469 4750; x_wconf 74' lang='lat' dir='ltr'>praecessit3</span> <span class='ocrx_word' id='word_1_194' title='bbox 486 4699 542 4749; x_wconf 80' lang='lat' dir='ltr'>quae</span> <span class='ocrx_word' id='word_1_195' title='bbox 557 4692 644 4734; x_wconf 85' lang='lat' dir='ltr'>natum</span> <span class='ocrx_word' id='word_1_196' title='bbox 660 4685 686 4733; x_wconf 90' lang='lat' dir='ltr'>iu</span> <span class='ocrx_word' id='word_1_197' title='bbox 702 4691 766 4734; x_wconf 84' lang='lat' dir='ltr'>terra</span> <span class='ocrx_word' id='word_1_198' title='bbox 782 4685 912 4734; x_wconf 86' lang='lat' dir='ltr'>dominum</span> <span class='ocrx_word' id='word_1_199' title='bbox 926 4684 982 4734; x_wconf 74' lang='lat' dir='ltr'>cali</span> <span class='ocrx_word' id='word_1_200' title='bbox 997 4685 1078 4748; x_wconf 84' lang='lat' dir='ltr'>magis</span> <span class='ocrx_word' id='word_1_201' title='bbox 1094 4691 1144 4733; x_wconf 86' lang='lat' dir='ltr'>stu·</span> 
     </span>
     <span class='ocr_line' id='line_1_37' title="bbox 241 4762 1145 4828; baseline -0.001 -15"><span class='ocrx_word' id='word_1_202' title='bbox 241 4763 356 4828; x_wconf 73' lang='lat' dir='ltr'>pertibus</span> <span class='ocrx_word' id='word_1_203' title='bbox 374 4763 512 4820; x_wconf 84' lang='lat' dir='ltr'>nuntiaret;</span> <span class='ocrx_word' id='word_1_204' title='bbox 538 4770 566 4812; x_wconf 89' lang='lat' dir='ltr'>ut</span> <span class='ocrx_word' id='word_1_205' title='bbox 586 4762 783 4813; x_wconf 77' lang='lat' dir='ltr'>manifestandus</span> <span class='ocrx_word' id='word_1_206' title='bbox 804 4764 898 4813; x_wconf 90' lang='lat' dir='ltr'>mundo</span> <span class='ocrx_word' id='word_1_207' title='bbox 920 4763 982 4813; x_wconf 84' lang='lat' dir='ltr'>deus</span> <span class='ocrx_word' id='word_1_208' title='bbox 1004 4771 1029 4813; x_wconf 86' lang='lat' dir='ltr'>et</span> <span class='ocrx_word' id='word_1_209' title='bbox 1051 4763 1145 4813; x_wconf 86' lang='lat' dir='ltr'>caelesti</span> 
     </span>
     <span class='ocr_line' id='line_1_38' title="bbox 242 4840 1145 4908; baseline -0.003 -16"><span class='ocrx_word' id='word_1_210' title='bbox 242 4842 425 4892; x_wconf 83' lang='lat' dir='ltr'>denuntiaretur</span> <span class='ocrx_word' id='word_1_211' title='bbox 437 4840 538 4902; x_wconf 87' lang='lat' dir='ltr'>iudicio,</span> <span class='ocrx_word' id='word_1_212' title='bbox 549 4847 575 4892; x_wconf 89' lang='lat' dir='ltr'>et</span> <span class='ocrx_word' id='word_1_213' title='bbox 592 4840 763 4907; x_wconf 70' lang='lat' dir='ltr'>temporaliter</span> <span class='ocrx_word' id='word_1_214' title='bbox 779 4849 924 4908; x_wconf 86' lang='lat' dir='ltr'>procreatus</span> <span class='ocrx_word' id='word_1_215' title='bbox 940 4841 1067 4908; x_wconf 87' lang='lat' dir='ltr'>signorum</span> <span class='ocrx_word' id='word_1_216' title='bbox 1084 4847 1145 4890; x_wconf 86' lang='lat' dir='ltr'>tem·</span> 
     </span>
     <span class='ocr_line' id='line_1_39' title="bbox 243 4919 881 4986; baseline 0.006 -17"><span class='ocrx_word' id='word_1_217' title='bbox 243 4921 365 4986; x_wconf 83' lang='lat' dir='ltr'>puralium</span> <span class='ocrx_word' id='word_1_218' title='bbox 376 4919 514 4971; x_wconf 87' lang='lat' dir='ltr'>ministerio</span> <span class='ocrx_word' id='word_1_219' title='bbox 525 4922 681 4986; x_wconf 84' lang='lat' dir='ltr'>panderetur.</span> <span class='ocrx_word' id='word_1_220' title='bbox 714 4920 748 4970; x_wconf 86' lang='lat' dir='ltr'>Et</span> <span class='ocrx_word' id='word_1_221' title='bbox 759 4920 826 4971; x_wconf 91' lang='lat' dir='ltr'>ideo.</span> <span class='ocrx_word' id='word_1_222' title='bbox 852 4921 881 4974; x_wconf 90' lang='lat' dir='ltr'>Z.</span> 
     </span>
    </p>

    <p class='ocr_par' dir='ltr' id='par_1_16' title="bbox 274 4997 463 5064">
     <span class='ocr_line' id='line_1_40' title="bbox 274 4997 463 5064; baseline -0.005 -15"><span class='ocrx_word' id='word_1_223' title='bbox 274 4997 355 5050; x_wconf 79' lang='lat' dir='ltr'>‘Gel</span> <span class='ocrx_word' id='word_1_224' title='bbox 367 5015 393 5064; x_wconf 93' lang='lat' dir='ltr'>p.</span> <span class='ocrx_word' id='word_1_225' title='bbox 406 5011 463 5062; x_wconf 85' lang='lat'><strong>50²·</strong></span> 
     </span>
    </p>

    <p class='ocr_par' dir='ltr' id='par_1_17' title="bbox 273 5077 519 5129">
     <span class='ocr_line' id='line_1_41' title="bbox 273 5077 519 5129; baseline -0.004 0"><span class='ocrx_word' id='word_1_226' title='bbox 273 5077 284 5108; x_wconf 80' lang='lat'>⁸</span> <span class='ocrx_word' id='word_1_227' title='bbox 298 5089 325 5129; x_wconf 74' lang='grc' dir='ltr'>Δ.</span> <span class='ocrx_word' id='word_1_228' title='bbox 336 5079 401 5128; x_wconf 83' lang='lat' dir='ltr'>Ecce</span> <span class='ocrx_word' id='word_1_229' title='bbox 411 5077 519 5128; x_wconf 85' lang='lat' dir='ltr'>aduenit.</span> 
     </span>
    </p>

    <p class='ocr_par' dir='ltr' id='par_1_18' title="bbox 300 5155 556 5208">
     <span class='ocr_line' id='line_1_42' title="bbox 300 5155 556 5208; baseline 0 0"><span class='ocrx_word' id='word_1_230' title='bbox 300 5167 339 5208; x_wconf 67' lang='lat' dir='ltr'>ts.</span> <span class='ocrx_word' id='word_1_231' title='bbox 349 5157 419 5206; x_wconf 80' lang='lat' dir='ltr'>Deua</span> <span class='ocrx_word' id='word_1_232' title='bbox 429 5155 556 5208; x_wconf 84' lang='lat' dir='ltr'>iudicium.</span> 
     </span>
    </p>
   </div>
   <div class='ocr_carea' id='block_1_15' title="bbox 752 5076 1144 5373">
    <p class='ocr_par' dir='ltr' id='par_1_19' title="bbox 753 5076 1008 5144">
     <span class='ocr_line' id='line_1_43' title="bbox 753 5076 1008 5144; baseline 0.012 -18"><span class='ocrx_word' id='word_1_233' title='bbox 753 5088 795 5128; x_wconf 74' lang='lat' dir='ltr'>or.</span> <span class='ocrx_word' id='word_1_234' title='bbox 807 5077 889 5144; x_wconf 80' lang='lat' dir='ltr'>Reges</span> <span class='ocrx_word' id='word_1_235' title='bbox 896 5076 1008 5129; x_wconf 69' lang='lat' dir='ltr'>runnu.</span> 
     </span>
    </p>

    <p class='ocr_par' dir='ltr' id='par_1_20' title="bbox 752 5155 953 5207">
     <span class='ocr_line' id='line_1_44' title="bbox 752 5155 953 5207; baseline 0.01 -3"><span class='ocrx_word' id='word_1_236' title='bbox 752 5167 819 5205; x_wconf 85' lang='lat' dir='ltr'>coar.</span> <span class='ocrx_word' id='word_1_237' title='bbox 830 5155 953 5207; x_wconf 86' lang='lat' dir='ltr'>Uidimus.</span> 
     </span>
    </p>

    <p class='ocr_par' dir='ltr' id='par_1_21' title="bbox 752 5233 1043 5298">
     <span class='ocr_line' id='line_1_45' title="bbox 752 5233 1043 5298; baseline 0.003 -16"><span class='ocrx_word' id='word_1_238' title='bbox 752 5235 789 5296; x_wconf 76' lang='lat' dir='ltr'>(r.</span> <span class='ocrx_word' id='word_1_239' title='bbox 800 5233 886 5298; x_wconf 77' lang='lat' dir='ltr'>Surge,</span> <span class='ocrx_word' id='word_1_240' title='bbox 897 5233 1043 5283; x_wconf 87' lang='lat' dir='ltr'>illuminare.</span> 
     </span>
    </p>

    <p class='ocr_par' dir='ltr' id='par_1_22' title="bbox 752 5309 1144 5373">
     <span class='ocr_line' id='line_1_46' title="bbox 752 5309 1144 5373; baseline 0.005 -13"><span class='ocrx_word' id='word_1_241' title='bbox 752 5323 798 5364; x_wconf 77' lang='grc' dir='ltr'>ιν.</span> <span class='ocrx_word' id='word_1_242' title='bbox 811 5311 876 5362; x_wconf 88' lang='lat' dir='ltr'>Cam</span> <span class='ocrx_word' id='word_1_243' title='bbox 886 5319 960 5362; x_wconf 85' lang='lat' dir='ltr'>natas</span> <span class='ocrx_word' id='word_1_244' title='bbox 967 5320 1032 5362; x_wconf 88' lang='lat' dir='ltr'>esset</span> <span class='ocrx_word' id='word_1_245' title='bbox 1040 5309 1144 5373; x_wconf 83' lang='lat' dir='ltr'>ihesus).</span> 
     </span>
    </p>
   </div>
   <div class='ocr_carea' id='block_1_16' title="bbox 246 5233 1145 5693">
    <p class='ocr_par' dir='ltr' id='par_1_23' title="bbox 246 5233 1145 5693">
     <span class='ocr_line' id='line_1_47' title="bbox 301 5233 561 5285; baseline 0.004 -1"><span class='ocrx_word' id='word_1_246' title='bbox 301 5245 327 5284; x_wconf 72' lang='lat' dir='ltr'>a.</span> <span class='ocrx_word' id='word_1_247' title='bbox 338 5234 433 5284; x_wconf 79' lang='lat' dir='ltr'>Omnes</span> <span class='ocrx_word' id='word_1_248' title='bbox 443 5235 475 5285; x_wconf 87' lang='lat' dir='ltr'>de</span> <span class='ocrx_word' id='word_1_249' title='bbox 485 5233 561 5285; x_wconf 78' lang='lat' dir='ltr'>Saba.</span> 
     </span>
     <span class='ocr_line' id='line_1_48' title="bbox 300 5312 426 5378; baseline 0.032 -18"><span class='ocrx_word' id='word_1_250' title='bbox 300 5321 329 5363; x_wconf 75' lang='lat' dir='ltr'>r.</span> <span class='ocrx_word' id='word_1_251' title='bbox 338 5312 426 5378; x_wconf 80' lang='lat' dir='ltr'>Surge.</span> 
     </span>
     <span class='ocr_line' id='line_1_49' title="bbox 301 5391 482 5443; baseline -0.006 0"><span class='ocrx_word' id='word_1_252' title='bbox 301 5402 345 5442; x_wconf 77' lang='lat' dir='ltr'>At.</span> <span class='ocrx_word' id='word_1_253' title='bbox 356 5391 482 5443; x_wconf 89' lang='lat' dir='ltr'>Uidimus.</span> 
     </span>
     <span class='ocr_line' id='line_1_50' title="bbox 275 5467 1142 5536; baseline -0.003 -16"><span class='ocrx_word' id='word_1_254' title='bbox 275 5469 285 5502; x_wconf 81' lang='lat'>⁸</span> <span class='ocrx_word' id='word_1_255' title='bbox 296 5470 423 5536; x_wconf 78' lang='lat' dir='ltr'>Prasatr&#39;o.</span> <span class='ocrx_word' id='word_1_256' title='bbox 443 5469 510 5532; x_wconf 84' lang='lat' dir='ltr'>Quia</span> <span class='ocrx_word' id='word_1_257' title='bbox 520 5475 610 5519; x_wconf 85' lang='lat' dir='ltr'>notam</span> <span class='ocrx_word' id='word_1_258' title='bbox 620 5467 700 5519; x_wconf 83' lang='lat' dir='ltr'>fecisti</span> <span class='ocrx_word' id='word_1_259' title='bbox 711 5467 736 5518; x_wconf 91' lang='lat' dir='ltr'>in</span> <span class='ocrx_word' id='word_1_260' title='bbox 748 5467 848 5534; x_wconf 86' lang='lat' dir='ltr'>populis</span> <span class='ocrx_word' id='word_1_261' title='bbox 858 5467 1055 5519; x_wconf 87' lang='lat' dir='ltr'>misericordiam</span> <span class='ocrx_word' id='word_1_262' title='bbox 1066 5473 1142 5528; x_wconf 87' lang='lat' dir='ltr'>tuam,</span> 
     </span>
     <span class='ocr_line' id='line_1_51' title="bbox 246 5545 1145 5613; baseline -0.004 -14"><span class='ocrx_word' id='word_1_263' title='bbox 246 5555 270 5599; x_wconf 81' lang='lat' dir='ltr'>et</span> <span class='ocrx_word' id='word_1_264' title='bbox 284 5549 389 5599; x_wconf 75' lang='lat' dir='ltr'>nalumre</span> <span class='ocrx_word' id='word_1_265' title='bbox 404 5555 474 5598; x_wconf 84' lang='lat' dir='ltr'>taam</span> <span class='ocrx_word' id='word_1_266' title='bbox 491 5547 587 5598; x_wconf 86' lang='lat' dir='ltr'>cunctis</span> <span class='ocrx_word' id='word_1_267' title='bbox 601 5546 718 5613; x_wconf 83' lang='lat' dir='ltr'>gentibus</span> <span class='ocrx_word' id='word_1_268' title='bbox 731 5546 872 5608; x_wconf 69' lang='lat' dir='ltr'>declarasti,</span> <span class='ocrx_word' id='word_1_269' title='bbox 885 5546 1035 5597; x_wconf 87' lang='lat' dir='ltr'>hodiernum</span> <span class='ocrx_word' id='word_1_270' title='bbox 1050 5545 1145 5611; x_wconf 84' lang='lat' dir='ltr'>eligens</span> 
     </span>
     <span class='ocr_line' id='line_1_52' title="bbox 246 5624 1144 5693; baseline -0.003 -15"><span class='ocrx_word' id='word_1_271' title='bbox 246 5625 316 5689; x_wconf 81' lang='lat' dir='ltr'>diem,</span> <span class='ocrx_word' id='word_1_272' title='bbox 328 5628 353 5678; x_wconf 87' lang='lat' dir='ltr'>in</span> <span class='ocrx_word' id='word_1_273' title='bbox 365 5641 417 5693; x_wconf 86' lang='lat' dir='ltr'>qua</span> <span class='ocrx_word' id='word_1_274' title='bbox 427 5626 460 5677; x_wconf 83' lang='lat' dir='ltr'>ad</span> <span class='ocrx_word' id='word_1_275' title='bbox 472 5624 625 5677; x_wconf 81' lang='lat' dir='ltr'>adorandam</span> <span class='ocrx_word' id='word_1_276' title='bbox 641 5625 693 5677; x_wconf 84' lang='lat' dir='ltr'>ueri</span> <span class='ocrx_word' id='word_1_277' title='bbox 704 5625 769 5691; x_wconf 87' lang='lat' dir='ltr'>regis</span> <span class='ocrx_word' id='word_1_278' title='bbox 785 5625 918 5676; x_wconf 79' lang='lat' dir='ltr'>infantiam</span> <span class='ocrx_word' id='word_1_279' title='bbox 928 5625 1051 5677; x_wconf 78' lang='lat' dir='ltr'>exdutos</span> <span class='ocrx_word' id='word_1_280' title='bbox 1066 5624 1098 5675; x_wconf 90' lang='lat' dir='ltr'>de</span> <span class='ocrx_word' id='word_1_281' title='bbox 1109 5639 1144 5675; x_wconf 84' lang='lat' dir='ltr'>re·</span> 
     </span>
    </p>
   </div>
   <div class='ocr_carea' id='block_1_17' title="bbox 1201 593 2109 1278">
    <p class='ocr_par' dir='ltr' id='par_1_24' title="bbox 1201 593 2109 1278">
     <span class='ocr_line' id='line_1_53' title="bbox 1478 593 2107 690; baseline 0.003 -21"><span class='ocrx_word' id='word_1_282' title='bbox 1478 593 1667 687; x_wconf 58' lang='lat' dir='ltr'>&amp;pulania</span> <span class='ocrx_word' id='word_1_283' title='bbox 1690 594 1840 670; x_wconf 58' lang='lat' dir='ltr'>mantnt.</span> <span class='ocrx_word' id='word_1_284' title='bbox 2059 605 2107 690; x_wconf 80' lang='lat'>67</span> 
     </span>
     <span class='ocr_line' id='line_1_54' title="bbox 1514 792 1796 874; baseline 0.004 -16"><span class='ocrx_word' id='word_1_285' title='bbox 1514 792 1616 874; x_wconf 86' lang='lat' dir='ltr'>Infra</span> <span class='ocrx_word' id='word_1_286' title='bbox 1630 795 1796 860; x_wconf 76' lang='lat' dir='ltr'>actrhnem.</span> 
     </span>
     <span class='ocr_line' id='line_1_55' title="bbox 1247 893 2109 971; baseline 0.006 -11"><span class='ocrx_word' id='word_1_287' title='bbox 1247 893 1548 971; x_wconf 78' lang='lat' dir='ltr'>communicantes,</span> <span class='ocrx_word' id='word_1_288' title='bbox 1572 907 1606 961; x_wconf 93' lang='lat' dir='ltr'>et</span> <span class='ocrx_word' id='word_1_289' title='bbox 1629 897 1718 961; x_wconf 91' lang='lat' dir='ltr'>diem</span> <span class='ocrx_word' id='word_1_290' title='bbox 1742 897 2001 963; x_wconf 89' lang='lat' dir='ltr'>sacratissimum</span> <span class='ocrx_word' id='word_1_291' title='bbox 2023 899 2109 964; x_wconf 88' lang='lat' dir='ltr'>cele-</span> 
     </span>
     <span class='ocr_line' id='line_1_56' title="bbox 1202 992 2109 1084; baseline 0.009 -28"><span class='ocrx_word' id='word_1_292' title='bbox 1202 992 1343 1070; x_wconf 87' lang='lat' dir='ltr'>brantes,</span> <span class='ocrx_word' id='word_1_293' title='bbox 1361 1015 1427 1076; x_wconf 93' lang='lat' dir='ltr'>quo</span> <span class='ocrx_word' id='word_1_294' title='bbox 1444 995 1631 1077; x_wconf 82' lang='lat' dir='ltr'>unigenitus</span> <span class='ocrx_word' id='word_1_295' title='bbox 1646 1007 1730 1074; x_wconf 91' lang='lat' dir='ltr'>tuus,</span> <span class='ocrx_word' id='word_1_296' title='bbox 1746 998 1778 1062; x_wconf 96' lang='lat' dir='ltr'>in</span> <span class='ocrx_word' id='word_1_297' title='bbox 1797 1009 1855 1062; x_wconf 89' lang='lat' dir='ltr'>tua</span> <span class='ocrx_word' id='word_1_298' title='bbox 1871 1008 1982 1063; x_wconf 91' lang='lat' dir='ltr'>tecum</span> <span class='ocrx_word' id='word_1_299' title='bbox 2002 999 2109 1084; x_wconf 89' lang='lat' dir='ltr'>gloria</span> 
     </span>
     <span class='ocr_line' id='line_1_57' title="bbox 1201 1095 2109 1170; baseline 0.008 -13"><span class='ocrx_word' id='word_1_300' title='bbox 1201 1103 1393 1170; x_wconf 85' lang='lat' dir='ltr'>coaetemus,</span> <span class='ocrx_word' id='word_1_301' title='bbox 1418 1095 1451 1160; x_wconf 93' lang='lat' dir='ltr'>in</span> <span class='ocrx_word' id='word_1_302' title='bbox 1483 1095 1625 1161; x_wconf 89' lang='lat' dir='ltr'>ueritate</span> <span class='ocrx_word' id='word_1_303' title='bbox 1651 1098 1758 1162; x_wconf 89' lang='lat' dir='ltr'>carnis</span> <span class='ocrx_word' id='word_1_304' title='bbox 1787 1109 1909 1162; x_wconf 85' lang='lat' dir='ltr'>nostrae</span> <span class='ocrx_word' id='word_1_305' title='bbox 1936 1099 2109 1164; x_wconf 90' lang='lat' dir='ltr'>uisibiliter</span> 
     </span>
     <span class='ocr_line' id='line_1_58' title="bbox 1201 1194 1957 1278; baseline 0.008 -22"><span class='ocrx_word' id='word_1_306' title='bbox 1201 1194 1378 1278; x_wconf 88' lang='lat' dir='ltr'>corporalis</span> <span class='ocrx_word' id='word_1_307' title='bbox 1393 1195 1556 1278; x_wconf 88' lang='lat' dir='ltr'>apparuit.</span> <span class='ocrx_word' id='word_1_308' title='bbox 1603 1195 1671 1261; x_wconf 89' lang='lat' dir='ltr'>Sed</span> <span class='ocrx_word' id='word_1_309' title='bbox 1688 1207 1722 1262; x_wconf 91' lang='lat' dir='ltr'>et</span> <span class='ocrx_word' id='word_1_310' title='bbox 1738 1198 1957 1262; x_wconf 71' lang='lat' dir='ltr'>memoriam.t</span> 
     </span>
    </p>
   </div>
   <div class='ocr_carea' id='block_1_18' title="bbox 1198 1332 2107 3211">
    <p class='ocr_par' dir='ltr' id='par_1_25' title="bbox 1559 1332 1752 1400">
     <span class='ocr_line' id='line_1_59' title="bbox 1559 1332 1752 1400; baseline 0.021 -4"><span class='ocrx_word' id='word_1_311' title='bbox 1559 1332 1752 1400; x_wconf 81' lang='lat' dir='ltr'>Benedictio.</span> 
     </span>
    </p>

    <p class='ocr_par' dir='ltr' id='par_1_26' title="bbox 1202 1435 2107 1719">
     <span class='ocr_line' id='line_1_60' title="bbox 1247 1435 2106 1522; baseline 0.007 -23"><span class='ocrx_word' id='word_1_312' title='bbox 1247 1436 1348 1514; x_wconf 90' lang='lat' dir='ltr'>Deus,</span> <span class='ocrx_word' id='word_1_313' title='bbox 1363 1435 1475 1502; x_wconf 92' lang='lat' dir='ltr'>lumen</span> <span class='ocrx_word' id='word_1_314' title='bbox 1491 1457 1615 1514; x_wconf 92' lang='lat' dir='ltr'>uerum,</span> <span class='ocrx_word' id='word_1_315' title='bbox 1631 1439 1688 1522; x_wconf 91' lang='lat' dir='ltr'>qui</span> <span class='ocrx_word' id='word_1_316' title='bbox 1704 1438 1911 1522; x_wconf 86' lang='lat' dir='ltr'>unigenitum</span> <span class='ocrx_word' id='word_1_317' title='bbox 1932 1459 2028 1504; x_wconf 91' lang='lat' dir='ltr'>suum</span> <span class='ocrx_word' id='word_1_318' title='bbox 2046 1439 2106 1505; x_wconf 89' lang='lat' dir='ltr'>ho-</span> 
     </span>
     <span class='ocr_line' id='line_1_61' title="bbox 1202 1534 2107 1621; baseline 0.008 -22"><span class='ocrx_word' id='word_1_319' title='bbox 1202 1534 1316 1600; x_wconf 89' lang='lat' dir='ltr'>dierna</span> <span class='ocrx_word' id='word_1_320' title='bbox 1337 1537 1400 1614; x_wconf 89' lang='lat' dir='ltr'>die,</span> <span class='ocrx_word' id='word_1_321' title='bbox 1420 1536 1517 1600; x_wconf 90' lang='lat' dir='ltr'>stella</span> <span class='ocrx_word' id='word_1_322' title='bbox 1538 1538 1632 1612; x_wconf 89' lang='lat' dir='ltr'>duce,</span> <span class='ocrx_word' id='word_1_323' title='bbox 1649 1539 1803 1621; x_wconf 90' lang='lat' dir='ltr'>gentibus</span> <span class='ocrx_word' id='word_1_324' title='bbox 1824 1538 1930 1605; x_wconf 91' lang='lat' dir='ltr'>uoluit</span> <span class='ocrx_word' id='word_1_325' title='bbox 1952 1540 2107 1620; x_wconf 91' lang='lat' dir='ltr'>reuelare,</span> 
     </span>
     <span class='ocr_line' id='line_1_62' title="bbox 1202 1637 2052 1719; baseline 0.005 -21"><span class='ocrx_word' id='word_1_326' title='bbox 1202 1655 1262 1700; x_wconf 91' lang='lat' dir='ltr'>sua</span> <span class='ocrx_word' id='word_1_327' title='bbox 1277 1657 1337 1700; x_wconf 92' lang='lat' dir='ltr'>uos</span> <span class='ocrx_word' id='word_1_328' title='bbox 1351 1637 1506 1719; x_wconf 90' lang='lat' dir='ltr'>dignetur</span> <span class='ocrx_word' id='word_1_329' title='bbox 1521 1637 1753 1702; x_wconf 91' lang='lat' dir='ltr'>benedictione</span> <span class='ocrx_word' id='word_1_330' title='bbox 1767 1639 1883 1703; x_wconf 88' lang='lat' dir='ltr'>ditare.</span> <span class='ocrx_word' id='word_1_331' title='bbox 1928 1639 2052 1704; x_wconf 89' lang='lat' dir='ltr'>Amen.</span> 
     </span>
    </p>

    <p class='ocr_par' dir='ltr' id='par_1_27' title="bbox 1199 1735 2107 2119">
     <span class='ocr_line' id='line_1_63' title="bbox 1244 1735 2107 1820; baseline 0.005 -20"><span class='ocrx_word' id='word_1_332' title='bbox 1244 1735 1322 1818; x_wconf 88' lang='lat' dir='ltr'>Quo</span> <span class='ocrx_word' id='word_1_333' title='bbox 1339 1735 1498 1819; x_wconf 84' lang='lat' dir='ltr'>exemplo</span> <span class='ocrx_word' id='word_1_334' title='bbox 1513 1757 1688 1820; x_wconf 88' lang='lat' dir='ltr'>magorum</span> <span class='ocrx_word' id='word_1_335' title='bbox 1705 1738 1846 1820; x_wconf 90' lang='lat' dir='ltr'>mystica</span> <span class='ocrx_word' id='word_1_336' title='bbox 1861 1738 1998 1804; x_wconf 91' lang='lat' dir='ltr'>domino</span> <span class='ocrx_word' id='word_1_337' title='bbox 2013 1740 2107 1804; x_wconf 93' lang='lat' dir='ltr'>ihesu</span> 
     </span>
     <span class='ocr_line' id='line_1_64' title="bbox 1200 1833 2107 1921; baseline 0.006 -22"><span class='ocrx_word' id='word_1_338' title='bbox 1200 1833 1323 1900; x_wconf 91' lang='lat' dir='ltr'>christo</span> <span class='ocrx_word' id='word_1_339' title='bbox 1347 1856 1483 1900; x_wconf 91' lang='lat' dir='ltr'>munera</span> <span class='ocrx_word' id='word_1_340' title='bbox 1503 1836 1689 1912; x_wconf 87' lang='lat' dir='ltr'>offerentes,</span> <span class='ocrx_word' id='word_1_341' title='bbox 1706 1849 1818 1921; x_wconf 91' lang='lat' dir='ltr'>spreto</span> <span class='ocrx_word' id='word_1_342' title='bbox 1840 1838 1978 1921; x_wconf 88' lang='lat' dir='ltr'>antiquo</span> <span class='ocrx_word' id='word_1_343' title='bbox 2000 1838 2107 1916; x_wconf 89' lang='lat' dir='ltr'>hoste,</span> 
     </span>
     <span class='ocr_line' id='line_1_65' title="bbox 1200 1934 2107 2023; baseline 0.007 -25"><span class='ocrx_word' id='word_1_344' title='bbox 1200 1934 1384 2017; x_wconf 90' lang='lat' dir='ltr'>spretisque</span> <span class='ocrx_word' id='word_1_345' title='bbox 1411 1935 1573 2018; x_wconf 90' lang='lat' dir='ltr'>contagiis</span> <span class='ocrx_word' id='word_1_346' title='bbox 1599 1936 1763 2012; x_wconf 90' lang='lat' dir='ltr'>uitiorum,</span> <span class='ocrx_word' id='word_1_347' title='bbox 1786 1939 1830 2002; x_wconf 88' lang='lat' dir='ltr'>ad</span> <span class='ocrx_word' id='word_1_348' title='bbox 1857 1946 2016 2003; x_wconf 86' lang='lat' dir='ltr'>aetemam</span> <span class='ocrx_word' id='word_1_349' title='bbox 2047 1960 2107 2023; x_wconf 87' lang='lat' dir='ltr'>pa·</span> 
     </span>
     <span class='ocr_line' id='line_1_66' title="bbox 1199 2035 2105 2119; baseline 0.006 -22"><span class='ocrx_word' id='word_1_350' title='bbox 1199 2035 1296 2098; x_wconf 93' lang='lat' dir='ltr'>triam</span> <span class='ocrx_word' id='word_1_351' title='bbox 1312 2035 1419 2098; x_wconf 90' lang='lat' dir='ltr'>redire</span> <span class='ocrx_word' id='word_1_352' title='bbox 1434 2035 1572 2100; x_wconf 86' lang='lat' dir='ltr'>ualeatis</span> <span class='ocrx_word' id='word_1_353' title='bbox 1590 2035 1752 2119; x_wconf 87' lang='lat' dir='ltr'>peruiam</span> <span class='ocrx_word' id='word_1_354' title='bbox 1768 2037 1937 2101; x_wconf 90' lang='lat' dir='ltr'>uirtutum.</span> <span class='ocrx_word' id='word_1_355' title='bbox 1980 2035 2105 2103; x_wconf 91' lang='lat' dir='ltr'>Amen.</span> 
     </span>
    </p>

    <p class='ocr_par' dir='ltr' id='par_1_28' title="bbox 1198 2134 2106 2701">
     <span class='ocr_line' id='line_1_67' title="bbox 1245 2134 2106 2222; baseline 0.006 -24"><span class='ocrx_word' id='word_1_356' title='bbox 1245 2134 1380 2218; x_wconf 90' lang='lat' dir='ltr'>Detque</span> <span class='ocrx_word' id='word_1_357' title='bbox 1395 2135 1488 2199; x_wconf 94' lang='lat' dir='ltr'>uobis</span> <span class='ocrx_word' id='word_1_358' title='bbox 1504 2156 1618 2200; x_wconf 90' lang='lat' dir='ltr'>ueram</span> <span class='ocrx_word' id='word_1_359' title='bbox 1635 2137 1797 2201; x_wconf 88' lang='lat' dir='ltr'>mentium</span> <span class='ocrx_word' id='word_1_360' title='bbox 1813 2137 2033 2202; x_wconf 91' lang='lat' dir='ltr'>innocentiam</span> <span class='ocrx_word' id='word_1_361' title='bbox 2050 2139 2106 2222; x_wconf 92' lang='lat' dir='ltr'>qui</span> 
     </span>
     <span class='ocr_line' id='line_1_68' title="bbox 1199 2234 2106 2319; baseline 0.007 -22"><span class='ocrx_word' id='word_1_362' title='bbox 1199 2255 1298 2318; x_wconf 92' lang='lat' dir='ltr'>super</span> <span class='ocrx_word' id='word_1_363' title='bbox 1324 2234 1531 2318; x_wconf 88' lang='lat' dir='ltr'>unigenitum</span> <span class='ocrx_word' id='word_1_364' title='bbox 1559 2256 1656 2300; x_wconf 90' lang='lat' dir='ltr'>suum</span> <span class='ocrx_word' id='word_1_365' title='bbox 1684 2235 1836 2319; x_wconf 91' lang='lat' dir='ltr'>spiritum</span> <span class='ocrx_word' id='word_1_366' title='bbox 1866 2249 2017 2303; x_wconf 92' lang='lat' dir='ltr'>sanctum</span> <span class='ocrx_word' id='word_1_367' title='bbox 2048 2238 2106 2303; x_wconf 91' lang='lat' dir='ltr'>de-</span> 
     </span>
     <span class='ocr_line' id='line_1_69' title="bbox 1200 2333 2106 2420; baseline 0.008 -24"><span class='ocrx_word' id='word_1_368' title='bbox 1200 2333 1359 2399; x_wconf 90' lang='lat' dir='ltr'>montrari</span> <span class='ocrx_word' id='word_1_369' title='bbox 1396 2334 1502 2398; x_wconf 91' lang='lat' dir='ltr'>uoluit</span> <span class='ocrx_word' id='word_1_370' title='bbox 1539 2333 1573 2399; x_wconf 92' lang='lat' dir='ltr'>in</span> <span class='ocrx_word' id='word_1_371' title='bbox 1612 2334 1812 2413; x_wconf 87' lang='lat' dir='ltr'>columbam,</span> <span class='ocrx_word' id='word_1_372' title='bbox 1850 2358 1947 2420; x_wconf 85' lang='lat' dir='ltr'>aquae</span> <span class='ocrx_word' id='word_1_373' title='bbox 1984 2337 2106 2404; x_wconf 90' lang='lat' dir='ltr'>uirtute</span> 
     </span>
     <span class='ocr_line' id='line_1_70' title="bbox 1200 2436 2105 2521; baseline 0.003 -23"><span class='ocrx_word' id='word_1_374' title='bbox 1200 2443 1327 2498; x_wconf 90' lang='lat' dir='ltr'>mentes</span> <span class='ocrx_word' id='word_1_375' title='bbox 1353 2445 1473 2500; x_wconf 84' lang='lat' dir='ltr'>uestrae</span> <span class='ocrx_word' id='word_1_376' title='bbox 1500 2444 1719 2500; x_wconf 87' lang='lat' dir='ltr'>exerceantur</span> <span class='ocrx_word' id='word_1_377' title='bbox 1740 2437 1784 2500; x_wconf 90' lang='lat' dir='ltr'>ad</span> <span class='ocrx_word' id='word_1_378' title='bbox 1810 2436 2029 2521; x_wconf 89' lang='lat' dir='ltr'>intelligenda</span> <span class='ocrx_word' id='word_1_379' title='bbox 2055 2438 2105 2503; x_wconf 90' lang='lat' dir='ltr'>di-</span> 
     </span>
     <span class='ocr_line' id='line_1_71' title="bbox 1198 2533 2104 2622; baseline 0.006 -24"><span class='ocrx_word' id='word_1_380' title='bbox 1198 2535 1284 2598; x_wconf 89' lang='lat' dir='ltr'>uinae</span> <span class='ocrx_word' id='word_1_381' title='bbox 1301 2533 1382 2617; x_wconf 91' lang='lat' dir='ltr'>legis</span> <span class='ocrx_word' id='word_1_382' title='bbox 1397 2534 1550 2614; x_wconf 90' lang='lat' dir='ltr'>archana,</span> <span class='ocrx_word' id='word_1_383' title='bbox 1566 2556 1632 2618; x_wconf 91' lang='lat' dir='ltr'>qua</span> <span class='ocrx_word' id='word_1_384' title='bbox 1649 2536 1682 2600; x_wconf 92' lang='lat' dir='ltr'>in</span> <span class='ocrx_word' id='word_1_385' title='bbox 1698 2536 1804 2601; x_wconf 87' lang='lat' dir='ltr'>chana</span> <span class='ocrx_word' id='word_1_386' title='bbox 1818 2534 1948 2620; x_wconf 77' lang='lat' dir='ltr'>galileae</span> <span class='ocrx_word' id='word_1_387' title='bbox 1963 2538 2104 2622; x_wconf 87' lang='lat' dir='ltr'>lympha</span> 
     </span>
     <span class='ocr_line' id='line_1_72' title="bbox 1198 2634 1779 2701; baseline 0.003 -3"><span class='ocrx_word' id='word_1_388' title='bbox 1198 2645 1248 2698; x_wconf 93' lang='lat' dir='ltr'>est</span> <span class='ocrx_word' id='word_1_389' title='bbox 1264 2635 1297 2698; x_wconf 91' lang='lat' dir='ltr'>in</span> <span class='ocrx_word' id='word_1_390' title='bbox 1313 2635 1427 2698; x_wconf 93' lang='lat' dir='ltr'>uinum</span> <span class='ocrx_word' id='word_1_391' title='bbox 1442 2655 1610 2701; x_wconf 88' lang='lat' dir='ltr'>conuersa.</span> <span class='ocrx_word' id='word_1_392' title='bbox 1638 2634 1779 2700; x_wconf 79' lang='lat' dir='ltr'>&#39;Amen</span> 
     </span>
    </p>

    <p class='ocr_par' dir='ltr' id='par_1_29' title="bbox 1243 2734 1458 2820">
     <span class='ocr_line' id='line_1_73' title="bbox 1243 2734 1458 2820; baseline 0.009 -21"><span class='ocrx_word' id='word_1_393' title='bbox 1243 2735 1344 2820; x_wconf 87' lang='lat' dir='ltr'>Quod</span> <span class='ocrx_word' id='word_1_394' title='bbox 1360 2734 1458 2818; x_wconf 89' lang='lat' dir='ltr'>ipse¹.</span> 
     </span>
    </p>

    <p class='ocr_par' dir='ltr' id='par_1_30' title="bbox 1501 2821 1801 2906">
     <span class='ocr_line' id='line_1_74' title="bbox 1501 2821 1801 2906; baseline 0.01 -20"><span class='ocrx_word' id='word_1_395' title='bbox 1501 2822 1563 2887; x_wconf 85' lang='lat' dir='ltr'>Ad</span> <span class='ocrx_word' id='word_1_396' title='bbox 1571 2821 1801 2906; x_wconf 81' lang='lat' dir='ltr'>complendum.</span> 
     </span>
    </p>

    <p class='ocr_par' dir='ltr' id='par_1_31' title="bbox 1201 2927 2103 3211">
     <span class='ocr_line' id='line_1_75' title="bbox 1245 2927 2102 3012; baseline 0.002 -21"><span class='ocrx_word' id='word_1_397' title='bbox 1245 2927 1379 3003; x_wconf 86' lang='lat' dir='ltr'>Praesta,</span> <span class='ocrx_word' id='word_1_398' title='bbox 1402 2948 1592 3010; x_wconf 87' lang='lat' dir='ltr'>quesumus,</span> <span class='ocrx_word' id='word_1_399' title='bbox 1615 2928 1827 3012; x_wconf 89' lang='lat' dir='ltr'>omnipotens</span> <span class='ocrx_word' id='word_1_400' title='bbox 1852 2928 1943 3008; x_wconf 90' lang='lat' dir='ltr'>deus,</span> <span class='ocrx_word' id='word_1_401' title='bbox 1965 2935 2003 2992; x_wconf 92' lang='lat' dir='ltr'>ut</span> <span class='ocrx_word' id='word_1_402' title='bbox 2026 2948 2102 3011; x_wconf 86' lang='lat' dir='ltr'>quae</span> 
     </span>
     <span class='ocr_line' id='line_1_76' title="bbox 1201 3025 2103 3111; baseline 0.001 -20"><span class='ocrx_word' id='word_1_403' title='bbox 1201 3026 1352 3092; x_wconf 90' lang='lat' dir='ltr'>sollemni</span> <span class='ocrx_word' id='word_1_404' title='bbox 1386 3026 1592 3092; x_wconf 89' lang='lat' dir='ltr'>celebramus</span> <span class='ocrx_word' id='word_1_405' title='bbox 1625 3028 1741 3106; x_wconf 87' lang='lat' dir='ltr'>officio,</span> <span class='ocrx_word' id='word_1_406' title='bbox 1774 3025 1947 3111; x_wconf 89' lang='lat' dir='ltr'>purificate</span> <span class='ocrx_word' id='word_1_407' title='bbox 1983 3028 2103 3093; x_wconf 91' lang='lat' dir='ltr'>mentis</span> 
     </span>
     <span class='ocr_line' id='line_1_77' title="bbox 1201 3126 1817 3211; baseline 0 -20"><span class='ocrx_word' id='word_1_408' title='bbox 1201 3127 1420 3211; x_wconf 89' lang='lat' dir='ltr'>intelligentia</span> <span class='ocrx_word' id='word_1_409' title='bbox 1438 3147 1687 3210; x_wconf 88' lang='lat' dir='ltr'>consequamur.</span> <span class='ocrx_word' id='word_1_410' title='bbox 1732 3126 1817 3193; x_wconf 69' lang='lat' dir='ltr'>Pers</span> 
     </span>
    </p>
   </div>
   <div class='ocr_carea' id='block_1_19' title="bbox 1199 3275 2101 3764">
    <p class='ocr_par' dir='ltr' id='par_1_32' title="bbox 1531 3275 1763 3359">
     <span class='ocr_line' id='line_1_78' title="bbox 1531 3275 1763 3359; baseline -0.013 -17"><span class='ocrx_word' id='word_1_411' title='bbox 1531 3275 1763 3359; x_wconf 78' lang='lat' dir='ltr'>Adpopulum.</span> 
     </span>
    </p>

    <p class='ocr_par' dir='ltr' id='par_1_33' title="bbox 1199 3379 2101 3764">
     <span class='ocr_line' id='line_1_79' title="bbox 1245 3379 2100 3464; baseline 0 -18"><span class='ocrx_word' id='word_1_412' title='bbox 1245 3381 1347 3456; x_wconf 91' lang='lat' dir='ltr'>Deus,</span> <span class='ocrx_word' id='word_1_413' title='bbox 1357 3380 1568 3446; x_wconf 86' lang='lat' dir='ltr'>inluminator</span> <span class='ocrx_word' id='word_1_414' title='bbox 1580 3382 1728 3445; x_wconf 91' lang='lat' dir='ltr'>omnium</span> <span class='ocrx_word' id='word_1_415' title='bbox 1740 3380 1899 3464; x_wconf 88' lang='lat' dir='ltr'>gentium,</span> <span class='ocrx_word' id='word_1_416' title='bbox 1910 3379 1954 3445; x_wconf 87' lang='lat' dir='ltr'>da</span> <span class='ocrx_word' id='word_1_417' title='bbox 1968 3381 2100 3464; x_wconf 91' lang='lat' dir='ltr'>populis</span> 
     </span>
     <span class='ocr_line' id='line_1_80' title="bbox 1200 3479 2100 3565; baseline -0.002 -19"><span class='ocrx_word' id='word_1_418' title='bbox 1200 3483 1265 3546; x_wconf 90' lang='lat' dir='ltr'>tuis</span> <span class='ocrx_word' id='word_1_419' title='bbox 1281 3491 1443 3565; x_wconf 87' lang='lat' dir='ltr'>perpetua</span> <span class='ocrx_word' id='word_1_420' title='bbox 1458 3500 1540 3565; x_wconf 90' lang='lat' dir='ltr'>pace</span> <span class='ocrx_word' id='word_1_421' title='bbox 1555 3482 1710 3564; x_wconf 89' lang='lat' dir='ltr'>gaudere,</span> <span class='ocrx_word' id='word_1_422' title='bbox 1724 3491 1758 3546; x_wconf 90' lang='lat' dir='ltr'>et</span> <span class='ocrx_word' id='word_1_423' title='bbox 1770 3480 1851 3546; x_wconf 94' lang='lat' dir='ltr'>illud</span> <span class='ocrx_word' id='word_1_424' title='bbox 1867 3479 1979 3544; x_wconf 91' lang='lat' dir='ltr'>lumen</span> <span class='ocrx_word' id='word_1_425' title='bbox 1992 3481 2100 3563; x_wconf 89' lang='lat' dir='ltr'>splen-</span> 
     </span>
     <span class='ocr_line' id='line_1_81' title="bbox 1199 3580 2101 3664; baseline -0.003 -18"><span class='ocrx_word' id='word_1_426' title='bbox 1199 3581 1314 3646; x_wconf 92' lang='lat' dir='ltr'>didum</span> <span class='ocrx_word' id='word_1_427' title='bbox 1348 3580 1485 3645; x_wconf 83' lang='lat' dir='ltr'>infunde</span> <span class='ocrx_word' id='word_1_428' title='bbox 1521 3580 1676 3646; x_wconf 92' lang='lat' dir='ltr'>cordibus</span> <span class='ocrx_word' id='word_1_429' title='bbox 1714 3582 1844 3659; x_wconf 90' lang='lat' dir='ltr'>nostris,</span> <span class='ocrx_word' id='word_1_430' title='bbox 1877 3581 1968 3664; x_wconf 91' lang='lat' dir='ltr'>quod</span> <span class='ocrx_word' id='word_1_431' title='bbox 2000 3581 2101 3644; x_wconf 90' lang='lat' dir='ltr'>trium</span> 
     </span>
     <span class='ocr_line' id='line_1_82' title="bbox 1199 3679 2101 3764; baseline 0 -20"><span class='ocrx_word' id='word_1_432' title='bbox 1199 3700 1373 3764; x_wconf 86' lang='lat' dir='ltr'>magorum</span> <span class='ocrx_word' id='word_1_433' title='bbox 1404 3679 1571 3745; x_wconf 90' lang='lat' dir='ltr'>mentibus</span> <span class='ocrx_word' id='word_1_434' title='bbox 1598 3680 1753 3764; x_wconf 87' lang='lat' dir='ltr'>aspirasti</span> <span class='ocrx_word' id='word_1_435' title='bbox 1763 3679 1787 3746; x_wconf 74' lang='lat'>².</span> <span class='ocrx_word' id='word_1_436' title='bbox 1834 3681 1897 3745; x_wconf 91' lang='lat' dir='ltr'>Per</span> <span class='ocrx_word' id='word_1_437' title='bbox 1929 3681 2101 3746; x_wconf 90' lang='lat' dir='ltr'>dominum</span> 
     </span>
    </p>
   </div>
   <div class='ocr_carea' id='block_1_20' title="bbox 1199 3780 1760 3905">
    <p class='ocr_par' dir='ltr' id='par_1_34' title="bbox 1199 3780 1760 3905">
     <span class='ocr_line' id='line_1_83' title="bbox 1199 3780 1733 3854; baseline 0 -10"><span class='ocrx_word' id='word_1_438' title='bbox 1199 3791 1347 3847; x_wconf 92' lang='lat' dir='ltr'>nostrum</span> <span class='ocrx_word' id='word_1_439' title='bbox 1357 3780 1394 3845; x_wconf 59' lang='lat'>³!</span> <span class='ocrx_word' id='word_1_440' title='bbox 1603 3835 1610 3854; x_wconf 79' lang='grc'><strong><em>,</em></strong></span> <span class='ocrx_word' id='word_1_441' title='bbox 1727 3839 1733 3853; x_wconf 90' lang='grc'><strong>,</strong></span> 
     </span>
     <span class='ocr_line' id='line_1_84' title="bbox 1546 3839 1760 3905; baseline 0 -1"><span class='ocrx_word' id='word_1_442' title='bbox 1546 3839 1578 3904; x_wconf 82' lang='lat' dir='ltr'><em>A</em></span> <span class='ocrx_word' id='word_1_443' title='bbox 1582 3839 1630 3905; x_wconf 83' lang='lat' dir='ltr'>lua</span> <span class='ocrx_word' id='word_1_444' title='bbox 1643 3847 1760 3905; x_wconf 77' lang='lat' dir='ltr'>aratro.</span> 
     </span>
    </p>
   </div>
   <div class='ocr_carea' id='block_1_21' title="bbox 1196 3951 2101 4437">
    <p class='ocr_par' dir='ltr' id='par_1_35' title="bbox 1196 3951 2101 4437">
     <span class='ocr_line' id='line_1_85' title="bbox 1242 3951 2101 4038; baseline -0.006 -17"><span class='ocrx_word' id='word_1_445' title='bbox 1242 3953 1464 4038; x_wconf 87' lang='lat' dir='ltr'>Omnipotens</span> <span class='ocrx_word' id='word_1_446' title='bbox 1473 3953 1674 4037; x_wconf 89' lang='lat' dir='ltr'>sempiterne</span> <span class='ocrx_word' id='word_1_447' title='bbox 1682 3953 1773 4032; x_wconf 91' lang='lat' dir='ltr'>deus,</span> <span class='ocrx_word' id='word_1_448' title='bbox 1785 3952 1934 4017; x_wconf 91' lang='lat' dir='ltr'>fidelium</span> <span class='ocrx_word' id='word_1_449' title='bbox 1944 3951 2101 4034; x_wconf 88' lang='lat' dir='ltr'>splendor</span> 
     </span>
     <span class='ocr_line' id='line_1_86' title="bbox 1197 4052 2101 4137; baseline -0.003 -19"><span class='ocrx_word' id='word_1_450' title='bbox 1197 4055 1390 4133; x_wconf 91' lang='lat' dir='ltr'>animarum,</span> <span class='ocrx_word' id='word_1_451' title='bbox 1401 4055 1458 4137; x_wconf 93' lang='lat' dir='ltr'>qui</span> <span class='ocrx_word' id='word_1_452' title='bbox 1474 4054 1559 4118; x_wconf 89' lang='lat' dir='ltr'>hanc</span> <span class='ocrx_word' id='word_1_453' title='bbox 1575 4053 1823 4118; x_wconf 89' lang='lat' dir='ltr'>solemnitatem</span> <span class='ocrx_word' id='word_1_454' title='bbox 1835 4052 2004 4117; x_wconf 90' lang='lat' dir='ltr'>electionis</span> <span class='ocrx_word' id='word_1_455' title='bbox 2019 4072 2101 4135; x_wconf 89' lang='lat' dir='ltr'>gen·</span> 
     </span>
     <span class='ocr_line' id='line_1_87' title="bbox 1197 4151 2101 4238; baseline -0.002 -20"><span class='ocrx_word' id='word_1_456' title='bbox 1197 4156 1280 4218; x_wconf 92' lang='lat' dir='ltr'>tium</span> <span class='ocrx_word' id='word_1_457' title='bbox 1296 4154 1449 4238; x_wconf 91' lang='lat' dir='ltr'>primitiis</span> <span class='ocrx_word' id='word_1_458' title='bbox 1468 4152 1675 4232; x_wconf 83' lang='lat' dir='ltr'>consecrasti,</span> <span class='ocrx_word' id='word_1_459' title='bbox 1691 4152 1793 4235; x_wconf 90' lang='lat' dir='ltr'>imple</span> <span class='ocrx_word' id='word_1_460' title='bbox 1815 4153 1976 4217; x_wconf 91' lang='lat' dir='ltr'>mundum</span> <span class='ocrx_word' id='word_1_461' title='bbox 1995 4151 2101 4236; x_wconf 90' lang='lat' dir='ltr'>gloria</span> 
     </span>
     <span class='ocr_line' id='line_1_88' title="bbox 1196 4251 2100 4336; baseline -0.002 -18"><span class='ocrx_word' id='word_1_462' title='bbox 1196 4261 1264 4330; x_wconf 87' lang='lat' dir='ltr'>tua,</span> <span class='ocrx_word' id='word_1_463' title='bbox 1300 4264 1334 4319; x_wconf 93' lang='lat' dir='ltr'>et</span> <span class='ocrx_word' id='word_1_464' title='bbox 1367 4253 1507 4318; x_wconf 89' lang='lat' dir='ltr'>subditis</span> <span class='ocrx_word' id='word_1_465' title='bbox 1538 4252 1601 4317; x_wconf 91' lang='lat' dir='ltr'>tibi</span> <span class='ocrx_word' id='word_1_466' title='bbox 1634 4253 1766 4336; x_wconf 92' lang='lat' dir='ltr'>populis</span> <span class='ocrx_word' id='word_1_467' title='bbox 1799 4272 1859 4336; x_wconf 93' lang='lat' dir='ltr'>per</span> <span class='ocrx_word' id='word_1_468' title='bbox 1887 4251 2020 4316; x_wconf 91' lang='lat' dir='ltr'>luminis</span> <span class='ocrx_word' id='word_1_469' title='bbox 2050 4252 2100 4316; x_wconf 91' lang='lat' dir='ltr'>tui</span> 
     </span>
     <span class='ocr_line' id='line_1_89' title="bbox 1196 4353 1663 4437; baseline 0.002 -20"><span class='ocrx_word' id='word_1_470' title='bbox 1196 4373 1320 4437; x_wconf 89' lang='lat' dir='ltr'>appare</span> <span class='ocrx_word' id='word_1_471' title='bbox 1336 4353 1532 4419; x_wconf 91' lang='lat' dir='ltr'>claritatem.</span> <span class='ocrx_word' id='word_1_472' title='bbox 1578 4354 1663 4419; x_wconf 69' lang='lat' dir='ltr'>Per.⁷</span> 
     </span>
    </p>
   </div>
   <div class='ocr_carea' id='block_1_22' title="bbox 1196 4502 2097 4991">
    <p class='ocr_par' dir='ltr' id='par_1_36' title="bbox 1596 4502 1691 4568">
     <span class='ocr_line' id='line_1_90' title="bbox 1596 4502 1691 4568; baseline 0 -2"><span class='ocrx_word' id='word_1_473' title='bbox 1596 4502 1691 4568; x_wconf 79' lang='lat' dir='ltr'>Alia.</span> 
     </span>
    </p>

    <p class='ocr_par' dir='ltr' id='par_1_37' title="bbox 1196 4597 2097 4991">
     <span class='ocr_line' id='line_1_91' title="bbox 1241 4597 2097 4690; baseline -0.002 -19"><span class='ocrx_word' id='word_1_474' title='bbox 1241 4601 1396 4672; x_wconf 91' lang='lat' dir='ltr'>Concede</span> <span class='ocrx_word' id='word_1_475' title='bbox 1418 4607 1522 4683; x_wconf 79' lang='lat' dir='ltr'>nobis,</span> <span class='ocrx_word' id='word_1_476' title='bbox 1548 4607 1760 4690; x_wconf 87' lang='lat' dir='ltr'>omnipotens</span> <span class='ocrx_word' id='word_1_477' title='bbox 1782 4603 1872 4684; x_wconf 87' lang='lat' dir='ltr'>deus,</span> <span class='ocrx_word' id='word_1_478' title='bbox 1894 4612 1932 4669; x_wconf 93' lang='lat' dir='ltr'>ut</span> <span class='ocrx_word' id='word_1_479' title='bbox 1954 4597 2097 4670; x_wconf 87' lang='lat' dir='ltr'>salutare</span> 
     </span>
     <span class='ocr_line' id='line_1_92' title="bbox 1197 4703 2097 4787; baseline -0.004 -15"><span class='ocrx_word' id='word_1_480' title='bbox 1197 4718 1291 4772; x_wconf 92' lang='lat' dir='ltr'>tuum</span> <span class='ocrx_word' id='word_1_481' title='bbox 1307 4727 1395 4772; x_wconf 90' lang='lat' dir='ltr'>noua</span> <span class='ocrx_word' id='word_1_482' title='bbox 1409 4707 1555 4772; x_wconf 91' lang='lat' dir='ltr'>celorum</span> <span class='ocrx_word' id='word_1_483' title='bbox 1571 4706 1644 4772; x_wconf 91' lang='lat' dir='ltr'>luce</span> <span class='ocrx_word' id='word_1_484' title='bbox 1664 4704 1816 4781; x_wconf 91' lang='lat' dir='ltr'>mirabili,</span> <span class='ocrx_word' id='word_1_485' title='bbox 1831 4704 1921 4787; x_wconf 92' lang='lat' dir='ltr'>quod</span> <span class='ocrx_word' id='word_1_486' title='bbox 1944 4703 1987 4768; x_wconf 92' lang='lat' dir='ltr'>ad</span> <span class='ocrx_word' id='word_1_487' title='bbox 2010 4703 2097 4768; x_wconf 90' lang='lat' dir='ltr'>salu·</span> 
     </span>
     <span class='ocr_line' id='line_1_93' title="bbox 1196 4803 2097 4890; baseline -0.002 -19"><span class='ocrx_word' id='word_1_488' title='bbox 1196 4818 1266 4872; x_wconf 93' lang='lat' dir='ltr'>tem</span> <span class='ocrx_word' id='word_1_489' title='bbox 1283 4807 1397 4871; x_wconf 91' lang='lat' dir='ltr'>mundi</span> <span class='ocrx_word' id='word_1_490' title='bbox 1417 4805 1576 4872; x_wconf 88' lang='lat' dir='ltr'>hodierna</span> <span class='ocrx_word' id='word_1_491' title='bbox 1591 4806 1772 4872; x_wconf 81' lang='lat' dir='ltr'>festiuitate</span> <span class='ocrx_word' id='word_1_492' title='bbox 1794 4803 1962 4890; x_wconf 88' lang='lat' dir='ltr'>processit,</span> <span class='ocrx_word' id='word_1_493' title='bbox 1977 4805 2097 4869; x_wconf 89' lang='lat' dir='ltr'>nostris</span> 
     </span>
     <span class='ocr_line' id='line_1_94' title="bbox 1197 4904 1987 4991; baseline -0.008 -18"><span class='ocrx_word' id='word_1_494' title='bbox 1197 4928 1328 4991; x_wconf 93' lang='lat' dir='ltr'>semper</span> <span class='ocrx_word' id='word_1_495' title='bbox 1343 4907 1540 4971; x_wconf 91' lang='lat' dir='ltr'>innouandis</span> <span class='ocrx_word' id='word_1_496' title='bbox 1556 4906 1710 4971; x_wconf 92' lang='lat' dir='ltr'>cordibus</span> <span class='ocrx_word' id='word_1_497' title='bbox 1725 4906 1856 4970; x_wconf 90' lang='lat' dir='ltr'>oriatur.</span> <span class='ocrx_word' id='word_1_498' title='bbox 1902 4904 1987 4968; x_wconf 69' lang='lat' dir='ltr'>Pers</span> 
     </span>
    </p>
   </div>
   <div class='ocr_carea' id='block_1_23' title="bbox 1196 5067 2096 5690">
    <p class='ocr_par' dir='ltr' id='par_1_38' title="bbox 1196 5067 2096 5280">
     <span class='ocr_line' id='line_1_95' title="bbox 1196 5067 2096 5139; baseline -0.004 -18"><span class='ocrx_word' id='word_1_499' title='bbox 1196 5073 1272 5123; x_wconf 88' lang='lat' dir='ltr'>motis</span> <span class='ocrx_word' id='word_1_500' title='bbox 1282 5072 1396 5139; x_wconf 87' lang='lat' dir='ltr'>partibus</span> <span class='ocrx_word' id='word_1_501' title='bbox 1412 5086 1501 5136; x_wconf 81' lang='lat' dir='ltr'>magos</span> <span class='ocrx_word' id='word_1_502' title='bbox 1517 5070 1609 5121; x_wconf 84' lang='lat' dir='ltr'>clarior</span> <span class='ocrx_word' id='word_1_503' title='bbox 1620 5070 1708 5120; x_wconf 86' lang='lat' dir='ltr'>ceteris</span> <span class='ocrx_word' id='word_1_504' title='bbox 1720 5070 1842 5120; x_wconf 86' lang='lat' dir='ltr'>sideribus</span> <span class='ocrx_word' id='word_1_505' title='bbox 1857 5067 1930 5118; x_wconf 87' lang='lat' dir='ltr'>stella</span> <span class='ocrx_word' id='word_1_506' title='bbox 1944 5067 2096 5133; x_wconf 83' lang='lat' dir='ltr'>perduceret,</span> 
     </span>
     <span class='ocr_line' id='line_1_96' title="bbox 1197 5146 2096 5214; baseline -0.006 -13"><span class='ocrx_word' id='word_1_507' title='bbox 1197 5159 1222 5201; x_wconf 87' lang='lat' dir='ltr'>et</span> <span class='ocrx_word' id='word_1_508' title='bbox 1238 5150 1293 5202; x_wconf 86' lang='lat' dir='ltr'>oaeli</span> <span class='ocrx_word' id='word_1_509' title='bbox 1310 5166 1341 5201; x_wconf 85' lang='lat' dir='ltr'>ac</span> <span class='ocrx_word' id='word_1_510' title='bbox 1357 5156 1429 5200; x_wconf 84' lang='lat' dir='ltr'>terrae</span> <span class='ocrx_word' id='word_1_511' title='bbox 1445 5149 1574 5199; x_wconf 87' lang='lat' dir='ltr'>dominum</span> <span class='ocrx_word' id='word_1_512' title='bbox 1591 5147 1762 5214; x_wconf 76' lang='lat' dir='ltr'>temporaliter</span> <span class='ocrx_word' id='word_1_513' title='bbox 1777 5155 1864 5197; x_wconf 87' lang='lat' dir='ltr'>natum</span> <span class='ocrx_word' id='word_1_514' title='bbox 1880 5146 1952 5198; x_wconf 77' lang='lat' dir='ltr'>radio</span> <span class='ocrx_word' id='word_1_515' title='bbox 1965 5161 2017 5198; x_wconf 82' lang='lat' dir='ltr'>suae</span> <span class='ocrx_word' id='word_1_516' title='bbox 2033 5147 2096 5196; x_wconf 83' lang='lat' dir='ltr'>lacis</span> 
     </span>
     <span class='ocr_line' id='line_1_97' title="bbox 1197 5227 1531 5280; baseline -0.009 1"><span class='ocrx_word' id='word_1_517' title='bbox 1197 5229 1343 5280; x_wconf 88' lang='lat' dir='ltr'>ostenderet.</span> <span class='ocrx_word' id='word_1_518' title='bbox 1376 5228 1409 5278; x_wconf 87' lang='lat' dir='ltr'>Et</span> <span class='ocrx_word' id='word_1_519' title='bbox 1421 5228 1486 5278; x_wconf 89' lang='lat' dir='ltr'>ideo.</span> <span class='ocrx_word' id='word_1_520' title='bbox 1503 5227 1531 5278; x_wconf 90' lang='lat' dir='ltr'>Z.</span> 
     </span>
    </p>

    <p class='ocr_par' dir='ltr' id='par_1_39' title="bbox 1228 5303 1910 5374">
     <span class='ocr_line' id='line_1_98' title="bbox 1228 5303 1910 5374; baseline -0.009 -15"><span class='ocrx_word' id='word_1_521' title='bbox 1228 5307 1239 5337; x_wconf 88' lang='lat'><strong>¹</strong></span> <span class='ocrx_word' id='word_1_522' title='bbox 1254 5309 1287 5359; x_wconf 90' lang='lat'>0.</span> <span class='ocrx_word' id='word_1_523' title='bbox 1299 5325 1323 5374; x_wconf 94' lang='lat' dir='ltr'>p.</span> <span class='ocrx_word' id='word_1_524' title='bbox 1336 5307 1392 5371; x_wconf 74' lang='lat'>365.</span> <span class='ocrx_word' id='word_1_525' title='bbox 1554 5304 1566 5334; x_wconf 87' lang='lat'><strong>¹</strong></span> <span class='ocrx_word' id='word_1_526' title='bbox 1581 5303 1616 5356; x_wconf 90' lang='lat' dir='ltr'>So</span> <span class='ocrx_word' id='word_1_527' title='bbox 1629 5304 1669 5362; x_wconf 91' lang='grc' dir='ltr'>Ο..</span> <span class='ocrx_word' id='word_1_528' title='bbox 1681 5304 1726 5354; x_wconf 90' lang='lat' dir='ltr'>but</span> <span class='ocrx_word' id='word_1_529' title='bbox 1739 5303 1865 5369; x_wconf 77' lang='lat' dir='ltr'>inspirasti</span> <span class='ocrx_word' id='word_1_530' title='bbox 1877 5303 1910 5353; x_wconf 93' lang='lat' dir='ltr'>V.</span> 
     </span>
    </p>

    <p class='ocr_par' dir='ltr' id='par_1_40' title="bbox 1196 5381 2096 5690">
     <span class='ocr_line' id='line_1_99' title="bbox 1228 5381 2095 5438; baseline -0.008 -1"><span class='ocrx_word' id='word_1_531' title='bbox 1228 5389 1239 5420; x_wconf 83' lang='lat'>⁸</span> <span class='ocrx_word' id='word_1_532' title='bbox 1255 5387 1306 5437; x_wconf 87' lang='lat' dir='ltr'>For</span> <span class='ocrx_word' id='word_1_533' title='bbox 1317 5387 1369 5436; x_wconf 86' lang='lat' dir='ltr'>this</span> <span class='ocrx_word' id='word_1_534' title='bbox 1385 5384 1435 5434; x_wconf 87' lang='lat' dir='ltr'>and</span> <span class='ocrx_word' id='word_1_535' title='bbox 1454 5383 1497 5435; x_wconf 85' lang='lat' dir='ltr'>tbe</span> <span class='ocrx_word' id='word_1_536' title='bbox 1513 5391 1572 5434; x_wconf 86' lang='lat' dir='ltr'>next</span> <span class='ocrx_word' id='word_1_537' title='bbox 1589 5383 1659 5433; x_wconf 89' lang='lat' dir='ltr'>three</span> <span class='ocrx_word' id='word_1_538' title='bbox 1670 5382 1735 5433; x_wconf 83' lang='lat' dir='ltr'>Coll</span> <span class='ocrx_word' id='word_1_539' title='bbox 1750 5383 1778 5432; x_wconf 91' lang='lat' dir='ltr'>Z.</span> <span class='ocrx_word' id='word_1_540' title='bbox 1789 5382 1948 5433; x_wconf 85' lang='lat' dir='ltr'>substitutes:</span> <span class='ocrx_word' id='word_1_541' title='bbox 1964 5381 2095 5438; x_wconf 76' lang='lat' dir='ltr'>hlamma,</span> 
     </span>
     <span class='ocr_line' id='line_1_100' title="bbox 1196 5459 2096 5538; baseline -0.008 -22"><span class='ocrx_word' id='word_1_542' title='bbox 1196 5466 1260 5523; x_wconf 82' lang='lat' dir='ltr'>dne..</span> <span class='ocrx_word' id='word_1_543' title='bbox 1271 5481 1295 5531; x_wconf 91' lang='lat' dir='ltr'>q.</span> <span class='ocrx_word' id='word_1_544' title='bbox 1307 5463 1429 5530; x_wconf 84' lang='lat' dir='ltr'>populum</span> <span class='ocrx_word' id='word_1_545' title='bbox 1442 5469 1520 5520; x_wconf 88' lang='lat' dir='ltr'>tuum,</span> <span class='ocrx_word' id='word_1_546' title='bbox 1531 5470 1562 5538; x_wconf 38' lang='lat' dir='ltr'>et,</span> <span class='ocrx_word' id='word_1_547' title='bbox 1569 5460 1699 5527; x_wconf 90' lang='lat' dir='ltr'>splendore</span> <span class='ocrx_word' id='word_1_548' title='bbox 1709 5460 1796 5526; x_wconf 83' lang='lat' dir='ltr'>gloriae</span> <span class='ocrx_word' id='word_1_549' title='bbox 1809 5467 1859 5510; x_wconf 79' lang='lat' dir='ltr'>tuae</span> <span class='ocrx_word' id='word_1_550' title='bbox 1874 5475 1918 5510; x_wconf 91' lang='lat' dir='ltr'>cor</span> <span class='ocrx_word' id='word_1_551' title='bbox 1932 5459 1985 5510; x_wconf 84' lang='lat' dir='ltr'>eius</span> <span class='ocrx_word' id='word_1_552' title='bbox 1999 5475 2096 5525; x_wconf 87' lang='lat' dir='ltr'>semper</span> 
     </span>
     <span class='ocr_line' id='line_1_101' title="bbox 1196 5539 2096 5603; baseline -0.009 -7"><span class='ocrx_word' id='word_1_553' title='bbox 1196 5544 1309 5601; x_wconf 79' lang='lat' dir='ltr'>accende,</span> <span class='ocrx_word' id='word_1_554' title='bbox 1318 5551 1346 5593; x_wconf 87' lang='lat' dir='ltr'>at</span> <span class='ocrx_word' id='word_1_555' title='bbox 1356 5542 1509 5592; x_wconf 85' lang='lat' dir='ltr'>saluatorem</span> <span class='ocrx_word' id='word_1_556' title='bbox 1520 5556 1592 5592; x_wconf 86' lang='lat' dir='ltr'>suum</span> <span class='ocrx_word' id='word_1_557' title='bbox 1604 5547 1630 5590; x_wconf 91' lang='lat' dir='ltr'>et</span> <span class='ocrx_word' id='word_1_558' title='bbox 1641 5540 1790 5591; x_wconf 82' lang='lat' dir='ltr'>incessanter</span> <span class='ocrx_word' id='word_1_559' title='bbox 1799 5545 1928 5603; x_wconf 78' lang='lat' dir='ltr'>agnoscat.</span> <span class='ocrx_word' id='word_1_560' title='bbox 1939 5546 1965 5590; x_wconf 87' lang='lat' dir='ltr'>et</span> <span class='ocrx_word' id='word_1_561' title='bbox 1975 5539 2096 5590; x_wconf 87' lang='lat' dir='ltr'>ueraciter</span> 
     </span>
     <span class='ocr_line' id='line_1_102' title="bbox 1196 5618 1886 5690; baseline -0.006 -16"><span class='ocrx_word' id='word_1_562' title='bbox 1196 5621 1382 5690; x_wconf 68' lang='lat' dir='ltr'>adprehendat,</span> <span class='ocrx_word' id='word_1_563' title='bbox 1393 5619 1489 5671; x_wconf 85' lang='lat' dir='ltr'>ihesum</span> <span class='ocrx_word' id='word_1_564' title='bbox 1499 5619 1618 5671; x_wconf 85' lang='lat' dir='ltr'>christum</span> <span class='ocrx_word' id='word_1_565' title='bbox 1627 5618 1757 5669; x_wconf 85' lang='lat' dir='ltr'>domiuum</span> <span class='ocrx_word' id='word_1_566' title='bbox 1767 5624 1886 5670; x_wconf 74' lang='lat' dir='ltr'>nocuum</span> 
     </span>
    </p>
   </div>
   <div class='ocr_carea' id='block_1_24' title="bbox 1140 5731 1211 5787">
    <p class='ocr_par' dir='ltr' id='par_1_41' title="bbox 1140 5731 1211 5787">
     <span class='ocr_line' id='line_1_103' title="bbox 1140 5731 1211 5787; baseline -0.042 0"><span class='ocrx_word' id='word_1_567' title='bbox 1140 5731 1211 5787; x_wconf 76' lang='lat'>12</span> 
     </span>
    </p>
   </div>
   <div class='ocr_carea' id='block_1_25' title="bbox 0 0 2566 6608">
    <p class='ocr_par' dir='ltr' id='par_1_42' title="bbox 0 0 2566 6608">
     <span class='ocr_line' id='line_1_104' title="bbox 0 0 2566 6608; baseline 0 3"><span class='ocrx_word' id='word_1_568' title='bbox 0 0 2566 6608; x_wconf 95' lang='lat' dir='ltr'> </span> 
     </span>
    </p>
   </div>
  </div>
 </body>
</html>
