5124 6608
414 500 462 588 98
703 494 859 581 mutan
885 492 1022 579 §uuna

418 697 569 782 potentia
591 695 768 772 contulisti,
791 696 824 760 id
852 695 885 758 in
912 693 1053 758 salutem
1079 690 1229 775 gentium
1259 707 1319 771 per

417 819 538 882 aquam
563 796 819 880 regenerationis
839 795 1004 878 operaris;
1027 801 1158 874 praesta,
1174 799 1212 854 ut
1230 799 1264 854 et
1284 787 1318 851 in

416 897 551 962 abrahae
589 896 683 974 filios,
715 906 748 960 et
783 896 817 958 in
851 892 1084 958 israheliticam
1121 890 1318 976 dignitatem

418 999 521 1062 totius
537 996 652 1061 mundi
668 1003 816 1060 transeat
830 992 1012 1078 plenitudo.
1058 991 1143 1056 Pers

504 1119 616 1225 Leitio
630 1179 661 1224 v.
706 1158 786 1223 Hoc
799 1166 850 1222 est
861 1155 1034 1222 hereditas·
1081 1154 1228 1220 Oremus.

463 1285 685 1369 Omnipotens
722 1282 924 1367 sempiterne
954 1282 1044 1359 deus,
1074 1277 1259 1361 multiplica
1288 1275 1321 1340 in

419 1387 580 1450 honorem
612 1383 754 1448 nominis
777 1383 834 1461 tui,
856 1382 946 1466 quod
976 1390 1107 1465 patrum
1137 1378 1215 1443 fidei
1245 1397 1322 1461 spo-

420 1484 575 1570 pondisti,
598 1491 632 1548 et
658 1482 882 1567 promissionis
904 1480 989 1545 filios
1019 1500 1113 1545 sacra
1142 1477 1322 1560 adoptione

421 1585 536 1661 dilata,
555 1592 592 1649 ut
611 1584 701 1668 quod
724 1582 849 1667 priores
871 1581 976 1647 sancti
1000 1600 1064 1644 non
1088 1579 1322 1643 dubitauerunt

420 1684 574 1762 luturum,
590 1682 727 1748 ecclesia
749 1692 807 1747 tua
831 1701 952 1765 magna
974 1681 1040 1744 iam
1062 1699 1106 1743 ex
1128 1688 1223 1762 parte
1246 1696 1322 1759 cog-

421 1793 538 1848 noscat
553 1781 738 1866 impletum.
784 1779 872 1846 Per.t

534 1944 643 2010 Lectio
665 1944 708 2010 ui.
752 1942 855 2018 Audi,
878 1940 1007 2007 isram
1054 1939 1200 2005 Oremus.

467 2071 569 2148 Deus,
600 2070 657 2154 qui
688 2069 861 2134 ecclesiam
891 2075 983 2132 tuam
1014 2086 1145 2148 semper
1173 2062 1323 2147 gentium

424 2172 598 2236 uocatione
614 2169 822 2252 multiplicas,
838 2167 984 2232 concede
1003 2165 1165 2249 propitius
1188 2169 1225 2225 ut
1240 2181 1324 2244 quos

424 2291 510 2355 aqua
539 2269 750 2353 baptismatis
785 2267 901 2344 abluis
933 2266 1088 2332 continua
1118 2263 1324 2348 protectione

423 2369 554 2435 tuearis.
599 2368 686 2434 Pers

477 2532 587 2597 Lectio
605 2531 664 2597 vii.
709 2530 812 2594 Facto
833 2539 882 2593 est
901 2539 998 2611 super
1017 2548 1076 2592 me.
1123 2524 1270 2592 oremus.

469 2656 571 2735 Deus,
585 2656 642 2740 qui
658 2675 718 2720 nos
733 2656 776 2719 ad
792 2653 1026 2719 celebrandum
1041 2651 1197 2737 paschale
1219 2671 1325 2716 sacra·

426 2767 576 2822 mentum
603 2755 772 2838 utriusque
797 2753 991 2820 testamenti
1017 2752 1147 2836 paginis
1169 2751 1325 2826 imbuisti,

426 2858 469 2921 da
492 2856 587 2921 nobis
611 2853 794 2937 intelligere
816 2853 1074 2919 misericordiam
1097 2861 1200 2928 tuam,
1221 2862 1259 2917 ut
1281 2873 1326 2915 ex

425 2956 637 3038 perceptione
658 2953 860 3037 presentium
883 2973 1056 3017 munerum
1084 2952 1179 3016 firma
1201 2952 1245 3016 sit
1267 2971 1326 3014 ex·

425 3057 571 3140 pectatio
586 3053 781 3119 futurorum.
827 3052 890 3118 Per
904 3053 1077 3118 dominum
1093 3063 1269 3117 nostrum.t

438 3217 546 3283 Lectio
568 3215 640 3281 viii.
683 3215 935 3299 Adprehendent
954 3214 1005 3280 vii
1025 3213 1185 3280 mule'eres.
1231 3211 1313 3280 Cum

680 3316 808 3396 casiaco,
830 3315 936 3382 Uima
949 3314 1047 3396 sacta
1056 3312 1077 3380 ¹.

472 3443 577 3520 Deus,
603 3442 659 3526 qui
687 3442 842 3507 omnibus
871 3441 1018 3524 ecclesiae
1048 3449 1106 3522 tue
1131 3438 1207 3504 filiis
1233 3459 1328 3504 sanc·

428 3553 539 3608 torum
568 3541 805 3625 prophetarum
829 3561 912 3606 uoce
938 3538 1156 3604 manifestasti
1181 3539 1214 3602 in
1238 3538 1328 3602 omni

429 3643 503 3708 loco
515 3641 749 3707 dominationis
764 3652 841 3719 tuae,
852 3650 996 3706 satorem
1011 3648 1047 3704 te
1058 3640 1220 3704 bonorum
1230 3638 1329 3704 semi-

430 3763 518 3820 num,
549 3751 584 3806 et
613 3741 794 3808 electorum
826 3740 1003 3824 palmitum
1039 3759 1113 3804 esse
1147 3739 1329 3816 cultorem;

429 3841 547 3916 tribue,
570 3860 759 3924 quesumus,
778 3840 909 3924 populis
929 3838 1004 3915 tuis,
1025 3839 1082 3922 qui
1105 3848 1140 3904 et
1159 3839 1329 3902 uinearum

429 3943 518 4024 apud
542 3951 577 4006 te
598 3941 733 4005 nomine
755 3948 938 4016 censentur,
961 3949 996 4006 et
1018 3946 1183 4022 segetum,
1203 3946 1241 4003 ut
1263 3937 1330 4020 spi·

431 4060 547 4105 narum
577 4049 612 4105 et
641 4038 836 4104 tribulorum
867 4039 1021 4123 squalore
1050 4045 1205 4113 resecat0,
1237 4037 1329 4120 digni

431 4140 614 4204 efficiantur
628 4139 722 4222 fruge
737 4139 887 4204 fecunda.
932 4139 1019 4203 Per.t

493 4300 602 4366 Lectio
624 4301 710 4367 uie'ii.
754 4301 856 4366 Dicit
873 4300 1025 4365 dominus
1046 4299 1094 4364 ad
1113 4319 1238 4382 moysen
1248 4296 1271 4363 ².

477 4427 699 4510 Omnipotens
716 4425 917 4512 sempiterne
938 4427 1030 4504 deus,
1046 4425 1102 4509 qui
1125 4425 1159 4488 in
1181 4425 1330 4488 omnium

432 4546 570 4611 operum
595 4537 729 4591 tuorum
752 4525 1000 4608 dispensatione
1024 4546 1059 4590 es
1081 4523 1258 4600 mirabilis3
1282 4523 1331 4586 iu-

432 4627 586 4710 telligant
610 4625 774 4708 redempti
798 4625 847 4690 tui
877 4644 944 4689 nou
975 4623 1076 4688 luisse
1105 4621 1331 4701 excellentius,

433 4728 523 4811 quod
553 4727 645 4790 initio
677 4724 784 4789 sactus
808 4733 860 4789 est
882 4724 1033 4800 mundus,
1057 4743 1158 4807 quam
1182 4724 1271 4807 quod
1297 4722 1331 4786 in

433 4827 500 4891 fine
530 4823 714 4890 seculorum
740 4823 863 4907 pascha
890 4835 1039 4890 nostrum
1066 4824 1256 4888 immolatus
1281 4830 1332 4887 est

433 4926 583 4991 christus.
629 4923 696 5008 Qui
711 4932 846 4990 tecum.t

445 5088 556 5154 Lectio
575 5109 607 5153 x.
652 5087 774 5153 Factus
794 5098 843 5154 est
861 5107 967 5151 sermo
987 5085 1117 5152 domini
1136 5085 1184 5151 ad
1203 5087 1323 5151 irenam.

479 5215 581 5294 DeuS,
610 5215 666 5296 qui
692 5215 922 5279 diuersitatem
950 5213 1098 5277 omnium
1123 5213 1274 5296 gentium
1299 5212 1333 5275 in

434 5314 639 5380 consessione
667 5314 714 5377 tui
742 5313 883 5377 nominis
906 5312 1079 5391 adunasti3
1109 5313 1153 5376 da
1180 5312 1274 5376 nobis
1299 5320 1334 5376 et

469 5531 577 5588 ¹SoO;
593 5529 698 5580 Domini
709 5528 741 5582 V.
860 5529 919 5581 ’So
932 5529 970 5588 0,
987 5529 1060 5580 Dixit
1068 5543 1166 5596 quoque
1176 5527 1292 5579 dominus
1302 5529 1333 5579 V.

1650 481 1806 568 §silete
1832 481 1969 568 iuncto.

1372 684 1458 750 uelle
1474 693 1507 750 et
1523 704 1620 767 posse
1635 684 1724 767 quod
1741 680 1892 766 precipis,
1904 689 1941 746 ut
1952 680 2076 764 populo
2087 679 2131 745 ad
2143 679 2274 746 aeterni·

1372 794 1476 850 tatem
1498 793 1627 861 uocato,
1651 803 1716 846 una
1742 783 1785 848 sit
1809 781 1893 847 fides
1919 780 2080 846 mentium
2106 789 2140 844 et
2168 781 2275 864 pietas

1372 886 1552 950 actionum.
1597 883 1683 948 Pers

1423 1059 1534 1125 Lectio
1553 1057 1600 1124 ei.
1645 1055 1791 1139 Scripsit
1809 1075 1939 1139 moyses.
1987 1055 2070 1124 Cum
2091 1055 2222 1132 cantico,

1680 1157 1831 1223 Adtende
1851 1157 1963 1224 celum.

1417 1285 1520 1360 Deus,
1536 1282 1699 1349 celsitudo
1720 1284 1903 1362 humilium,
1927 1293 1961 1350 et
1984 1283 2145 1350 tortitudo
2168 1293 2276 1349 recto·

1375 1405 1455 1459 rum,
1472 1385 1529 1468 qui
1544 1404 1604 1467 per
1618 1394 1770 1449 sanctum
1785 1405 1923 1466 moysen
1948 1403 2087 1467 puerum
2109 1395 2205 1449 tuum
2228 1385 2276 1449 ita

1375 1486 1503 1550 erudire
1517 1484 1659 1568 populos
1680 1493 1756 1550 tuos
1779 1485 1862 1550 sacri
1881 1485 2036 1549 carminis
2049 1484 2100 1549 tui
2118 1485 2276 1549 decanta·

1375 1585 1466 1649 tione
1489 1582 1632 1660 uoluisti,
1657 1592 1694 1649 ut
1716 1584 1773 1648 illa
1799 1583 1883 1669 legis
1904 1585 2036 1650 iteratio
2058 1583 2151 1649 fieret
2174 1583 2275 1648 etiam

1375 1694 1488 1750 nostra
1502 1684 1660 1762 directio;
1684 1686 1796 1750 excita
1811 1686 1845 1750 in
1868 1705 2003 1750 omnem
2025 1685 2275 1750 iustificatamm

1376 1785 1525 1867 gentium
1555 1783 1797 1867 plenitudinem
1824 1785 2009 1868 potentiam
2038 1793 2141 1864 tuam,
2167 1796 2202 1850 et
2230 1786 2276 1849 da

1377 1884 1535 1958 laetitiam,
1559 1882 1745 1967 mitigando
1774 1893 1941 1963 terrorem,
1964 1892 2002 1949 ut
2027 1885 2176 1949 omnium
2199 1904 2277 1967 pec·

1376 1984 1458 2049 catis
1480 1994 1540 2049 tua
1559 1985 1752 2049 remissione
1773 1983 1902 2060 deletis,
1926 1984 2018 2068 quod
2042 1984 2275 2050 denuntiatum

1377 2093 1427 2149 est
1441 2083 1474 2148 in
1490 2083 1650 2148 ultionem
1666 2092 1812 2150 transeat
1827 2085 1860 2148 in
1875 2085 2028 2150 salutem.
2074 2085 2160 2149 Per.t

1546 2259 1658 2325 Lectio
1668 2259 1743 2326 nii.1
1787 2258 2080 2326 Nabuchodonosor
2087 2257 2111 2324 ².

1421 2386 1642 2470 Omnipotens
1651 2387 1853 2470 sempiterne
1862 2389 1952 2463 deus,
1964 2406 2040 2469 spes
2049 2386 2145 2451 unica
2153 2387 2276 2466 mundi,

1377 2487 1433 2571 qui
1459 2486 1697 2571 prophetarum
1724 2497 1857 2552 tuorum
1882 2486 2038 2571 preconio
2064 2486 2277 2569 praesentium

1379 2599 1566 2670 temporum
1581 2585 1757 2651 declarasti
1781 2585 1959 2670 mysteria;
1982 2605 2069 2669 auge
2090 2585 2205 2668 populi
2228 2587 2277 2651 tui

1379 2697 1458 2752 uota
1479 2687 1651 2770 placatus;
1684 2686 1762 2770 quia
1784 2685 1818 2749 in
1845 2685 1936 2750 nullo
1962 2685 2122 2762 fidelium,
2145 2686 2206 2750 nisi
2232 2707 2278 2751 ex

1379 2798 1437 2852 tua
1460 2787 1682 2871 inspiratione,
1704 2785 1905 2870 proueniunt
1927 2783 2149 2870 quarumlibet
2174 2786 2278 2852 incre·

1380 2897 1494 2952 menta
1508 2887 1681 2951 uirtutum.
1726 2886 1812 2952 Pers

1529 3036 1710 3115 Canticum,
1726 3038 1755 3104 S
1756 3039 1824 3104 dut
1834 3059 1948 3102 cemus
1961 3035 2135 3102 desideras

1423 3155 1646 3238 Omnipotens
1662 3155 1863 3239 sempiterne
1878 3154 1969 3230 deus,
1982 3153 2107 3236 respice
2118 3152 2279 3238 propitius

1380 3257 1423 3320 ad
1442 3257 1655 3321 deuotionem
1673 3255 1788 3339 populi
1811 3253 2023 3330 renascentis,
2039 3255 2096 3337 qui
2112 3254 2197 3318 sicut
2212 3275 2280 3318 cer·

1381 3376 1441 3420 uus
1453 3376 1614 3440 aquarum
1624 3356 1754 3440 expetit
1765 3355 1901 3430 iontem,
1912 3363 1947 3419 et
1957 3355 2104 3420 concede
2119 3355 2281 3437 propitius

1380 3464 1417 3519 ut
1430 3455 1508 3519 fidei
1524 3456 1626 3539 ipsius
1640 3455 1721 3532 sitis,
1733 3454 1945 3539 baptismatis
1958 3453 2125 3538 mysterio,
2136 3453 2280 3518 animam

1381 3575 1563 3638 corpusque
1579 3553 1771 3620 sanctificet.
1816 3553 1887 3618 Per.

1445 3737 1528 3804 Inde
1541 3759 1617 3804 nero
1630 3737 1796 3804 descendes
1804 3759 1877 3803 cnm
1892 3737 2026 3804 letania
2039 3737 2212 3821 adfontes.

1468 3876 1585 3943 Oratio
1600 3877 1636 3942 in
1650 3875 1784 3942 sabbato
1796 3885 1917 3942 sumto.
1960 3874 2022 3939 Ad
2033 3876 2171 3940 missam
2180 3873 2202 3942 ³.

1428 4002 1543 4082 Deus
1574 4015 1641 4080 our
1678 4015 1783 4066 nnuc
1813 4013 2119 4066 sncnnmssmnu
2150 4007 2282 4067 noctem

1383 4101 1489 4186 gloria
1499 4103 1676 4168 dominica
1691 4101 1934 4166 resurrectionis
1949 4098 2112 4176 inlustras,
2124 4120 2283 4167 conserua

1383 4203 1418 4266 iu
1428 4224 1517 4268 noua
1529 4202 1661 4268 familiae
1672 4212 1738 4267 tuae
1747 4202 1914 4286 progeuiae
1923 4200 2112 4284 adoptionis
2121 4201 2282 4285 spiritum,

1416 4443 1425 4474 ¹
1442 4443 1589 4494 Benedictus
1599 4457 1634 4492 es.

1443 4521 1593 4582 lienedicite¹
1616 4519 1701 4571 omis
1723 4533 1807 4584 opera,

1480 4599 1591 4649 domino.

1444 4677 1594 4738 Benedicite,
1606 4675 1670 4736 mli,
1679 4675 1790 4726 domino.

1416 4754 1427 4784 ³
1443 4754 1499 4806 The
1511 4755 1571 4814 first,
1584 4753 1675 4814 lourth,
1688 4753 1737 4804 aud
1753 4752 1840 4818 eighth
1852 4753 1883 4804 oi
1889 4753 1958 4804 these
1969 4753 2087 4804 lectione
2101 4753 2152 4803 and
2165 4753 2231 4804 Coll.
2245 4771 2287 4808 are

1384 4836 1458 4901 given
1474 4835 1500 4884 iu
1512 4835 1539 4893 Z,
1551 4833 1669 4884 followed
1686 4832 1720 4898 by
1736 4832 1806 4882 Lect.
1819 4833 1883 4884 Haee
1899 4838 1937 4883 est
1954 4831 2084 4883 hereditas.
2129 4832 2194 4882 Coll.
2208 4831 2287 4892 Deus,
2317 4887 2324 4904 ι

1384 4914 1427 4980 qui
1442 4912 1572 4963 ecclesiam
1589 4917 1658 4961 tuam
1674 4925 1771 4977 semper
1780 4911 1893 4976 gentium
1907 4910 2039 4960 uocatione
2056 4910 2216 4976 multiplicas,
2228 4927 2286 4963 con·

1385 4991 1445 5042 rade
1462 4990 1585 5056 propitius
1601 4995 1631 5039 ut
1647 5003 1709 5055 quos
1725 5004 1791 5054 aqua
1811 4988 1968 5054 baptismatis
1986 4987 2076 5046 abluis,
2094 4988 2212 5038 continua
2231 5005 2287 5056 pro-

1385 5069 1492 5120 tectione
1503 5068 1601 5124 tuearis.
1613 5067 1731 5117 lollowed
1742 5067 1776 5130 by
1786 5083 1817 5118 an
1830 5065 1893 5117 ordo
1903 5067 1937 5117 ud
1948 5067 2127 5118 catecuminum
2138 5066 2287 5131 laciendum,

1386 5145 1519 5214 published
1530 5147 1564 5212 by
1574 5145 1618 5197 the
1628 5145 1726 5196 Snrtees
1737 5143 2056 5210 Soc.votlxiii.p.131*.

1417 5225 1516 5286 ¹(usc.
1527 5223 1555 5274 Si
1567 5223 1787 5274 conresurrexistis.
1921 5221 2183 5274 umLsudatedeum.

1922 5313 1948 5350 v.
1960 5301 2086 5364 Quoniam
2096 5301 2251 5352 confirmatu.

1960 5380 1994 5430 In
2012 5379 2058 5428 hoc
2075 5387 2141 5430 nocte
2160 5395 2210 5430 nen
2229 5396 2287 5430 cure·

1993 5465 2065 5507 tatur
2093 5457 2216 5523 efflanda
2246 5475 2290 5510 nec

1996 5539 2090 5602 ‘agnus
2106 5535 2161 5586 det·

1903 4439 2054 4502 Benedicite,
2074 4439 2158 4506 augeli
2179 4438 2284 4502 domini,

1940 4518 2051 4570 domino.

1903 4597 2014 4648 limnum
2025 4597 2106 4658 dicite,
2117 4605 2149 4648 ut
2157 4605 2244 4664 suspen.

1446 5314 1491 5354 ιν.
1503 5301 1633 5366 Vespere).

1446 5393 1473 5433 Α.
1485 5379 1592 5430 Lemnia
1602 5379 1690 5430 maior.

1484 5457 1572 5510 Gloria
1584 5459 1609 5508 iu
1620 5456 1731 5509 excelsis.

1447 5549 1490 5589 nl..
1502 5537 1673 5590 confitemini.
