5116 6608
431 610 502 682 332

430 788 499 838 Deus
509 787 553 852 qui
563 801 595 836 ss
604 783 654 835 suis
664 796 761 848 semper
771 779 874 830 adiuuat
885 779 938 846 ipse
949 783 981 836 te,
993 793 1017 844 9.

429 871 499 920 Deus
509 870 552 934 qui
563 867 717 934 temporibus
728 880 776 915 noe
788 863 874 913 famuli
886 863 931 919 tui,
939 876 980 928 92.

429 949 498 999 Dens
509 948 551 1012 qui
563 947 735 997 uestimentum
746 943 854 993 22122222
865 949 890 992 22
901 941 1073 990 indumentum
1085 943 1190 995 22222222,
1201 936 1257 987 226.

429 1027 499 1078 Deus
508 1026 551 1091 qui
562 1025 654 1075 uirtute
664 1039 683 1072 s
692 1023 793 1090 spiritus
804 1021 841 1070 tui
852 1019 1033 1070 imbecillarum
1044 1019 1171 1074 mentium,
1180 1030 1235 1078 223.

430 1105 499 1154 Deus
510 1105 553 1170 922
565 1119 611 1154 uos
623 1103 648 1153 b.
658 1101 773 1152 iohannis
785 1101 855 1165 bapt.
865 1099 985 1156 concedit,
1000 1107 1054 1160 237.

429 1183 499 1234 Deus
510 1183 553 1248 qui
564 1198 609 1232 uos
621 1183 646 1232 in
657 1179 803 1246 apostolicis
814 1179 900 1242 tribuit
913 1177 1052 1234 consistere,
1064 1185 1119 1237 170.

430 1261 500 1311 Deus
511 1260 733 1311 sanctificationum
746 1274 769 1308 o.
777 1257 921 1308 dominator
932 1255 1001 1304 cuins
1012 1255 1093 1320 pietas
1104 1253 1164 1314 sine,
1180 1265 1235 1302 220.

429 1339 499 1390 Deus
510 1341 563 1390 sine
573 1355 624 1404 qno
635 1338 696 1388 nibil
708 1344 790 1403 potest
801 1335 914 1386 benedici
926 1335 973 1393 nel,
984 1347 1039 1396 232.

429 1417 498 1468 Deus
509 1432 581 1467 uerus
591 1425 616 1467 et
627 1417 704 1484 bomo
715 1431 786 1465 222222
796 1421 868 1463 natus
879 1430 910 1463 ex
920 1413 1016 1477 uirgine
1028 1425 1081 1468 nos,
1091 1408 1116 1458 6.

429 1495 541 1562 Dignare
551 1495 605 1546 dne.
616 1495 719 1546 calicem
731 1495 806 1544 istum
817 1493 842 1542 in
855 1509 926 1542 usum
937 1489 1067 1540 ministerii
1079 1488 1123 1546 tui,
1134 1499 1189 1536 222.

429 1575 542 1638 Dignare
552 1574 607 1623 222.
615 1573 640 1622 d.
649 1589 673 1624 0.
685 1589 728 1623 rex
739 1589 824 1638 regum
835 1579 860 1622 et
871 1571 924 1620 dns.
936 1568 1125 1626 dominantium,
1136 1578 1191 1615 221.

429 1652 580 1702 Dominator
591 1651 647 1702 dne.
654 1652 678 1700 d.
687 1667 728 1701 rex
740 1659 827 1701 unctus
838 1655 926 1700 222222
937 1647 1063 1713 unguenti.
1074 1643 1129 1696 260.

429 1731 538 1781 Domine
549 1731 573 1781 d.
586 1738 682 1781 2222222
692 1731 740 1781 2212
752 1740 775 1782 22
789 1738 860 1781 222222
871 1745 916 1779 rex
927 1744 1014 1794 regum
1026 1735 1051 1776 et
1063 1725 1126 1784 222.,
1136 1739 1191 1790 224.

429 1809 539 1860 Domine
550 1809 574 1860 2.
584 1825 608 1859 o.
618 1809 656 1858 cui
668 1810 785 1859 assistunt
798 1825 882 1859 222222
893 1807 1021 1865 exercitus,
1033 1819 1088 1868 232.

429 1885 540 1937 Domine
550 1887 575 1936 d.
585 1903 608 1936 ο.
618 1888 729 1937 omnium
742 1887 943 1937 benedictionum
954 1886 1047 1948 largus,
1058 1897 1113 1945 232.

429 1963 539 2014 Domine
549 1965 574 2015 d.
583 1980 608 2015 o.
618 1981 642 2030 p.
651 1965 701 2014 222.
710 1981 735 2014 2.
745 1965 762 2014 2.
770 1981 794 2015 x.
803 1964 846 2030 922
857 1964 974 2029 dignatus
984 1978 1011 2012 es
1022 1961 1088 2012 hunc
1099 1960 1227 2022 famulum,
1238 1974 1294 2026 229.

430 2041 539 2092 Domine
551 2042 567 2092 i.
576 2059 599 2092 x.
608 2043 651 2107 922
664 2042 792 2092 illuminas
804 2058 903 2093 omnem
915 2041 1041 2091 hominem
1051 2039 1199 2096 2222222222,
1209 2052 1263 2100 223.

430 2119 539 2170 Domine
548 2136 575 2188 .⁰·
583 2135 606 2170 a
616 2120 658 2185 922
669 2136 699 2170 222
710 2121 817 2185 9222922
828 2119 934 2186 panibus
944 2126 970 2168 et
978 2117 1075 2168 duobus
1086 2117 1204 2182 piscibus,
1215 2130 1270 2180 224.

430 2197 540 2248 Domine
551 2205 643 2249 sanctae
654 2199 707 2263 spei
720 2198 778 2248 fidei
789 2199 877 2263 gratiae
889 2197 1046 2263 profectuum
1056 2201 1206 2252 munerator,
1215 2208 1242 2243 21
1246 2211 1270 2260 3.

430 2275 539 2326 Domine
549 2291 569 2325 s.
579 2292 603 2341 p.
612 2291 636 2325 o.
644 2292 673 2326 22
683 2275 708 2327 2.
718 2275 863 2326 benedicere
874 2275 984 2340 digneris
995 2273 1124 2332 1222212222,
1137 2286 1193 2330 222,
1204 2286 1231 2321 21
1235 2286 1258 2336 3.

429 2353 541 2404 Domine
552 2369 572 2404 s.
581 2370 606 2419 p.
616 2371 640 2405 2.
649 2371 678 2404 ae.
688 2353 713 2404 d.
723 2353 869 2405 benedicere
880 2361 906 2404 et
916 2351 1070 2402 sanctificare
1081 2351 1198 2416 digneris,
1208 2363 1263 2414 223.

430 2431 540 2481 Domine
551 2448 572 2486 2.
580 2449 605 2497 9.
614 2447 639 2482 2.
647 2449 676 2484 ae.
685 2433 709 2482 d.
718 2431 806 2482 exaudi
817 2447 864 2481 nos
875 2433 959 2481 lumen
971 2429 1120 2486 indeficiens,
1132 2443 1186 2491 223.

430 2509 541 2560 Domine
552 2525 572 2558 s.
581 2527 606 2576 p.
615 2526 640 2560 o.
648 2527 677 2562 22.
688 2511 712 2561 d.
723 2509 845 2560 honorum
857 2509 969 2560 omnium
981 2514 1067 2557 auctor
1078 2513 1103 2557 et
1114 2507 1270 2566 distributor,
1280 2520 1336 2572 224.

430 2588 540 2638 Domine
552 2603 572 2638 2.
581 2605 606 2654 p.
616 2605 639 2638 2.
648 2605 677 2640 ae.
685 2589 710 2638 d.
719 2589 744 2639 in
755 2589 856 2638 nomine
866 2597 911 2638 tuo
921 2593 947 2638 et
959 2585 1005 2636 lilii
1017 2586 1061 2642 tui,
1073 2598 1127 2648 223

431 2666 541 2717 Domine
553 2683 572 2717 2.
581 2683 606 2733 9.
615 2683 638 2719 ο.
647 2684 677 2718 ae.
686 2667 711 2717 d.
719 2666 915 2718 misericordiam
926 2672 994 2714 tuam
1005 2663 1138 2730 supplices,
1149 2676 1204 2715 222.

430 2745 539 2796 Domine
550 2761 569 2796 s
579 2761 604 2811 p.
614 2761 638 2795 2.
647 2761 676 2796 ae.
684 2745 709 2796 d.
719 2761 814 2796 222222
825 2745 850 2794 in
861 2743 966 2795 excelsis
977 2751 1048 2808 pater
1056 2742 1106 2793 dni.
1114 2759 1147 2800 2.,
1159 2756 1213 2806 234.

431 2822 542 2874 Domine
553 2839 572 2874 s.
582 2840 606 2889 p.
614 2840 638 2876 o.
647 2840 676 2874 ae.
685 2823 711 2875 d.
721 2840 745 2889 p.
754 2822 805 2872 dni.
812 2838 837 2872 2.
846 2824 863 2874 i.
871 2840 895 2872 x.
904 2823 973 2872 cuius
984 2820 1126 2885 antiquitas,
1136 2831 1192 2883 237.

431 2901 541 2952 Domine
552 2917 571 2952 s.
581 2919 607 2968 p.
614 2918 637 2952 2.
646 2918 676 2952 π.
684 2901 709 2952 d.
718 2917 763 2967 per
774 2902 960 2967 impositionem
972 2900 1098 2964 scripturae
1109 2898 1191 2961 huius,
1203 2913 1257 2964 233.

430 2980 540 3030 11222222
551 2995 571 3030 s.
580 2996 604 3044 p.
615 2994 638 3030 ο.
648 2997 677 3031 a.
686 2981 710 3030 d.
719 2980 761 3046 qai
773 2979 861 3030 caeium
872 2985 898 3028 et
908 2985 999 3028 terram
1010 2994 1086 3038 mare,
1098 2991 1152 3040 224.

431 3057 541 3107 Domine
551 3074 570 3108 s.
580 3074 605 3123 p.
613 3074 637 3108 o.
645 3073 673 3110 ae.
683 3058 708 3107 d.
718 3057 761 3124 qui
773 3073 817 3123 per
827 3057 844 3106 i.
852 3075 876 3107 x.
885 3056 964 3106 filium
975 3062 1045 3105 tuum
1053 3050 1089 3114 in,
1099 3069 1154 3106 212.

432 3135 543 3187 Domine
554 3152 608 3202 sp.
618 3152 642 3186 o.
652 3135 713 3187 and.
722 3137 764 3200 qui
776 3151 820 3200 per
831 3135 1010 3185 inuisibilitatis
1021 3142 1077 3190 tuae.
1087 3148 1144 3198 223.

431 3213 540 3264 Domine
554 3231 574 3264 2.
584 3232 608 3281 p.
619 3230 643 3266 2.
652 3215 714 3266 aed.
724 3216 841 3265 uirtutem
853 3221 923 3264 tuam
934 3213 996 3263 22222
1007 3227 1091 3268 exoro,
1100 3225 1155 3276 233.

431 3293 569 3343 Dominum
580 3294 606 3343 d.
615 3293 669 3344 caeli
679 3301 705 3344 et
712 3301 783 3344 terrae
794 3292 948 3343 conditorem
960 3291 1123 3350 dilectissimi,
1133 3305 1187 3344 222.

431 3461 497 3510 Ecce
508 3460 544 3509 sic
555 3459 715 3511 benedicetur
726 3460 806 3511 omnis
817 3459 893 3510 homo
904 3460 946 3524 qui
958 3459 1037 3519 timet,
1050 3473 1105 3510 222.

431 3537 535 3602 Eligant
547 3547 572 3588 te
582 3539 669 3588 2222222
682 3540 717 3589 222
728 3546 756 3590 22
767 3539 801 3589 222
812 3540 893 3589 122222
904 3539 929 3588 in
940 3538 1016 3588 domo
1027 3537 1076 3594 dei,
1087 3552 1142 3590 222.

431 3617 526 3666 Emitte
538 3616 594 3667 dne.
605 3618 719 3682 spiritum
731 3633 750 3667 s.
762 3624 831 3667 tuum
843 3617 990 3683 paraclitum
1001 3617 1032 3666 de
1044 3617 1111 3666 caelis
1122 3617 1155 3675 in,
1165 3630 1221 3673 222,
1231 3626 1286 3680 237.

430 3693 586 3759 Ephphatha
597 3695 664 3758 quod
675 3701 713 3746 est
721 3697 815 3760 aperire
826 3696 852 3744 in
864 3695 966 3744 odorem
977 3694 1107 3745 suauitatis
1119 3700 1154 3756 22,
1166 3696 1222 3759 238.

432 3772 531 3822 Exaudi
543 3772 600 3826 due.
609 3789 694 3838 preces
704 3790 729 3823 2.
739 3780 765 3823 22
776 3775 822 3823 2222
834 3773 921 3824 tamnu
932 3773 968 3821 tui
979 3773 1033 3830 .r'll.,
1041 3788 1066 3837 9.

432 3849 530 3900 Ε2222212
541 3850 597 3901 222.
606 3867 690 3916 preces
701 3868 726 3903 2.
735 3859 760 3902 22
771 3867 845 3918 22922
857 3850 1127 3914 222212221222,223.

431 3925 531 3975 Exaudi
541 3941 588 3976 nos
599 3927 623 3977 d.
634 3927 749 3977 salutaris
759 3944 784 3978 2.
794 3935 818 3977 22
830 3942 903 3992 22922
913 3926 979 3976 hunc
990 3925 1118 3984 t'amulum,
1133 3939 1188 3989 224.

432 4003 530 4054 Exaudi
540 4020 587 4053 222
598 4003 653 4054 dne.
661 4020 680 4055 s.
689 4020 714 4070 p.
723 4021 747 4056 o.
754 4022 783 4056 ae.
791 4006 816 4055 d.
825 4011 851 4056 et
858 4006 956 4056 mittere
963 4005 1074 4069 dignare,
1086 4018 1140 4069 239,
1150 4018 1205 4067 232.

433 4081 533 4131 Exaudi
544 4097 590 4132 nos
601 4083 656 4133 dne.
666 4097 685 4132 s.
694 4099 718 4148 p.
728 4099 751 4134 2.
760 4101 790 4134 ae.
799 4083 824 4135 d.
834 4091 861 4134 ut
873 4084 894 4132 si
905 4098 954 4148 qua
965 4089 1023 4132 suut
1034 4083 1145 4142 aduersa,
1154 4095 1210 4146 223.

432 4159 554 4210 Exorabo
565 4168 591 4209 te
602 4167 712 4210 creatura
724 4177 794 4226 aquae
805 4162 941 4211 innomine
952 4160 977 4212 d.
987 4177 1011 4225 p.
1022 4176 1057 4216 2.,
1069 4173 1123 4222 232.

433 4238 555 4288 Exorcizo
566 4243 590 4288 te
602 4245 713 4290 creatura
723 4240 774 4289 2122
785 4241 810 4289 in
821 4241 922 4289 nomine
931 4239 955 4290 d.
964 4255 989 4303 p.
997 4254 1021 4290 ο.
1030 4245 1057 4288 22
1067 4238 1099 4298 22,
1111 4238 1165 4288 262.

433 4313 555 4363 Exoreizo
565 4322 591 4363 te
602 4320 714 4364 creatura
725 4315 774 4364 olei
786 4331 831 4380 per
841 4313 866 4364 d.
876 4331 901 4379 p.
912 4329 935 4364 ο.
945 4314 988 4379 qui
999 4313 1057 4364 iecit
1069 4314 1164 4370 calum,
1174 4327 1230 4379 239.

434 4391 556 4441 Exorcizc
567 4399 592 4442 te
603 4399 715 4444 creatura
725 4394 785 4443 sniis
797 4394 822 4442 in
832 4394 934 4442 nomine
945 4392 970 4442 d.
980 4408 1005 4457 p.
1014 4406 1039 4442 o.
1051 4399 1077 4442 et
1088 4393 1121 4453 in,
1134 4404 1189 4456 233.

434 4469 555 4520 Exorcim
566 4477 591 4520 22
603 4477 716 4520 creatura
726 4470 785 4521 salis
796 4486 840 4536 per
849 4470 923 4520 deum
935 4469 1019 4520 uiuum
1031 4485 1082 4535 922,
1093 4485 1147 4536 249.

434 4547 557 4596 Exorcizo
567 4555 593 4597 22
604 4547 800 4598 immundissime
812 4549 913 4613 spiritus
924 4549 1052 4614 omnisque
1064 4548 1179 4608 incursio,
1188 4561 1244 4613 237.

434 4625 556 4676 Exorcizo
568 4633 593 4676 te
603 4626 685 4676 omnis
696 4626 891 4676 immundissime
903 4626 1012 4692 spiritns,
1023 4640 1076 4690 232.

435 4703 537 4754 Exultet
549 4705 600 4754 iam
610 4703 724 4768 angelica
734 4704 808 4754 turba
819 4705 934 4756 caelorum
943 4704 1062 4765 exultent,
1075 4719 1129 4770 223.

435 4781 536 4832 Exultet
546 4782 597 4831 iam
607 4782 720 4848 angelica
731 4783 804 4833 turba
814 4783 925 4832 exultent
935 4783 1029 4840 diuina,
1036 4780 1076 4848 96.

436 4932 500 4982 liaec
511 4931 657 4983 commixtio
668 4933 792 4998 liquorum
804 4933 849 4984 fiat
860 4933 974 4985 omuibus
984 4935 1117 5000 perunctis,
1128 4947 1183 5000 239.

436 5083 587 5134 Immensam
599 5083 756 5135 clementiam
768 5090 838 5135 tuam
849 5101 873 5135 2.
882 5101 910 5136 ae.
920 5085 945 5137 d
957 5086 1091 5142 humiliter,
1101 5101 1156 5151 249.

436 5161 466 5210 In
477 5161 565 5212 diebus
575 5162 627 5212 eius
639 5163 732 5212 oriatur
743 5163 858 5213 omnibus
869 5164 973 5228 aequitas
983 5171 1008 5213 et
1020 5164 1120 5225 iustitia,
1132 5178 1188 5228 232.

436 5239 466 5288 12
477 5241 577 5290 nomine
588 5255 607 5290 s.
617 5249 643 5289 et
655 5241 731 5290 unicae
742 5240 858 5290 trinitatis
868 5241 944 5305 qnod,
953 5242 976 5291 8.

425 5316 466 5366 ,12
477 5317 577 5366 nomine
589 5334 608 5368 s.
618 5317 735 5366 trinitatis
745 5323 771 5367 22
782 5319 861 5368 uniam
871 5318 1008 5368 diuinitatis
1016 5319 1109 5383 accipe,
1118 5331 1174 5380 a15.

437 5393 467 5442 12
478 5401 521 5443 222
532 5395 632 5445 nomine
643 5395 667 5445 d.
677 5412 702 5460 p.
712 5410 736 5446 o.
747 5403 772 5445 et
783 5396 800 5445 i.
810 5413 833 5444 x.
843 5396 888 5446 filii
900 5397 937 5445 tui
948 5396 999 5447 222.
1008 5413 1041 5455 2.,
1052 5411 1107 5460 237.

437 5471 543 5522 12211222
555 5472 608 5521 222.
616 5488 701 5522 aurem
712 5488 783 5522 suam
796 5473 828 5522 ad
839 5489 923 5539 preces
935 5481 1030 5532 uestrae,
1040 5477 1095 5538 248.

437 5549 606 5602 intercedente
617 5565 662 5616 pro
672 5550 746 5600 uobis
757 5565 776 5600 s.
787 5550 811 5600 d.
819 5551 938 5615 genitrice
946 5551 1025 5600 maria
1033 5551 1170 5613 auxilietur,
1184 5563 1204 5615 7.

437 5626 648 5679 intercedentibus
659 5643 705 5694 pro
715 5628 789 5680 nobis
800 5645 824 5679 r.
833 5629 1005 5696 apostolorum
1016 5629 1119 5688 meritis,
1128 5639 1150 5696 7.

997 581 1099 656 luber
1125 580 1157 654 of
1180 545 1403 656 2222222222
1429 579 1496 652 222
1520 575 1720 652 ducemus.

1381 773 1592 826 intercedentibus
1602 788 1648 837 pro
1659 772 1732 822 uobis
1743 787 1766 820 x.
1776 770 1943 822 consessorum
1955 769 2056 830 meritis,
2066 781 2088 836 7.

1382 852 1592 904 intercedentibus
1603 867 1648 917 pro
1659 851 1732 900 uobis
1743 865 1766 898 x.
1775 856 1910 914 martyrum
1922 849 2023 910 meritis,
2034 859 2056 912 7.

1384 932 1442 998 ipse
1453 947 1499 982 nos
1510 929 1640 982 benedicat
1652 930 1678 978 22
1690 929 1761 978 terris
1773 928 1815 994 qai
1826 927 1903 978 hodie
1913 929 1990 986 nasci,
2002 927 2026 989 6,
2035 943 2060 993 9.

1385 1093 1512 1146 Medeiam
1523 1101 1591 1144 tuam
1604 1093 1723 1159 deprecor
1734 1092 1789 1144 dne.
1799 1108 1818 1142 s.
1829 1108 1888 1158 p.o.
1898 1091 2008 1158 22219222
2021 1092 2145 1156 subuenis,
2154 1105 2210 1158 233.
2284 1094 2288 1154 l

1385 1173 1497 1222 Mentem
1510 1179 1578 1222 tuam
1590 1171 1712 1222 illuminet
1723 1187 1820 1222 sensum
1833 1180 1901 1222 tuum
1913 1171 2044 1232 custodiat,
2054 1187 2079 1236 9.

1386 1249 1539 1316 Multiplicet
1551 1251 1576 1300 in
1587 1250 1659 1300 uobis
1670 1251 1723 1300 dns.
1736 1251 1836 1316 copiam
1847 1265 1897 1300 snae
1907 1249 2094 1312 benedictionis,
2105 1249 2161 1314 248.

1385 1405 1440 1456 Nec
1451 1412 1476 1457 te
1485 1403 1548 1456 12222
1558 1413 1657 1456 satanas
1667 1405 1794 1455 imminere
1805 1403 1852 1454 tibi
1864 1419 1951 1469 poenas
1961 1404 2089 1454 imminere
2100 1403 2155 1462 tibi,
2166 1416 2178 1451 2
2182 1413 2221 1468 37.

1386 1483 1441 1534 Nos
1453 1485 1478 1534 d.
1486 1493 1511 1535 et
1520 1491 1605 1534 nostra
1617 1483 1746 1534 benedicat
1758 1483 1849 1548 pocula
1860 1491 1932 1540 atus..
1941 1483 1964 1534 8.

1387 1638 1552 1704 Omnipotens
1563 1639 1623 1688 deus
1635 1637 1725 1687 caelesti
1737 1653 1782 1687 uos
1794 1636 1947 1703 protectione
1958 1637 2099 1696 circumdet,
2113 1651 2168 1704 249.

1387 1717 1552 1782 Omnipotens
1563 1717 1588 1765 d.
1600 1717 1670 1766 cuius
1680 1715 1801 1781 unigeniti
1814 1715 1955 1772 aduentum,
1966 1729 2019 1780 229.

1387 1796 1552 1861 Omnipotens
1563 1796 1587 1844 d.
1598 1796 1667 1845 cuius
1678 1794 1820 1859 unigenitus
1830 1793 1949 1844 hodierna
1961 1794 2001 1844 die
2012 1810 2051 1853 22,
2060 1791 2101 1844 66.

1387 1873 1551 1938 Omnipotens
1562 1873 1587 1924 d.
1596 1873 1637 1922 det
1649 1872 1695 1922 tibi
1707 1873 1739 1922 de
1750 1888 1804 1923 rore
1812 1872 1866 1923 caeli
1877 1879 1902 1922 et
1913 1873 1944 1922 de
1956 1871 2111 1938 pinguedine,
2124 1885 2178 1935 232.

1387 1953 1550 2017 Omnipotens
1561 1952 1586 2000 d.
1594 1950 1754 2001 denotionem
1764 1959 1876 2000 nostram
1886 1949 2016 2015 dignanter
2027 1951 2144 2010 intendat,
2156 1959 2211 2012 227.

1387 2029 1552 2095 Omnipotens
1560 2028 1585 2079 2.
1593 2028 1700 2079 dexterae
1711 2045 1761 2080 2222
1772 2036 1894 2094 perpetuo
1905 2028 2047 2084 circumdet,
2060 2041 2116 2093 249.

1387 2107 1551 2172 Omnipotens
1559 2106 1583 2156 d.
1594 2107 1647 2157 dies
1658 2114 1753 2156 nestros
1765 2107 1789 2156 in
1801 2123 1845 2156 sua
1857 2121 1919 2173 pace
1931 2107 2056 2172 disponat,
2067 2121 2121 2171 249.

1387 2185 1551 2251 Omnipotens
1560 2183 1584 2234 d.
1592 2184 1707 2250 dignetur
1718 2185 1790 2235 uobis
1802 2201 1846 2252 per
1858 2186 2067 2242 intercessionem,
2078 2199 2133 2249 232.

1387 2263 1552 2330 Omnipotens
1560 2264 1585 2314 d.
1594 2263 1679 2314 ieiunii
1690 2272 1875 2328 ceterarumque
1885 2263 2013 2320 uirtutum,
2025 2273 2064 2329 79.

1387 2343 1552 2408 Omnipotens
1560 2340 1585 2393 d.
1596 2343 1744 2391 ieiuniorum
1755 2351 1894 2393 uestrorum
1904 2342 2024 2402 uictimas,
2035 2344 2075 2394 82.

1387 2421 1552 2486 Omnipotens
1560 2420 1585 2471 d.
1595 2428 1680 2471 nostra
1691 2420 1835 2471 benedicere
1846 2420 1969 2484 dignetur,
1977 2421 2001 2471 8.

1387 2499 1553 2564 Omnipotens
1561 2497 1639 2564 d.pro
1651 2500 1720 2548 cuins
1731 2498 1852 2564 unigeniti
1863 2497 2009 2558 ueneranda,
2021 2511 2076 2562 233.

1386 2577 1552 2641 Omnipotens
1560 2576 1584 2625 d.
1592 2577 1633 2642 qui
1645 2576 1707 2626 dixit
1717 2576 1759 2641 qui
1771 2592 1811 2626 me
1823 2576 1955 2634 consessus,
1965 2587 2003 2640 74,
2014 2579 2070 2638 238.

1387 2653 1552 2720 Omnipotens
1559 2653 1585 2705 d.
1593 2654 1636 2719 922
1647 2653 1674 2702 in
1685 2655 1785 2704 nomine
1795 2654 1915 2718 unigeniti
1927 2654 1965 2704 sui
1979 2654 2054 2710 misit,
2064 2667 2118 2719 239.

1386 2732 1551 2797 Omnipotens
1559 2731 1583 2781 d.
1591 2733 1634 2797 qui
1645 2731 1813 2783 incarnatione
1825 2732 1944 2796 unigeniti
1955 2731 1992 2781 sui
2003 2731 2097 2795 mundi,
2106 2731 2146 2794 63.

1386 2810 1551 2876 Omnipotens
1559 2810 1634 2875 aqui
1641 2810 1794 2876 unigenitum
1804 2825 1875 2860 suum
1884 2809 2012 2868 hodierna,
2021 2821 2059 2873 71.

1386 2888 1550 2954 Omnipotens
1561 2887 1586 2938 d.
1595 2904 1639 2938 sua
1650 2903 1695 2938 uos
1706 2888 1836 2939 clementia
1848 2887 1977 2939 benedicat
1988 2896 2020 2949 et,
2031 2889 2086 2951 248.

1387 2965 1551 3031 Omnipotens
1562 2965 1587 3015 d.
1599 2966 1713 3016 uniuersa
1723 2983 1739 3016 a
1750 2966 1822 3016 uobis
1833 2966 1997 3025 aduersantia,
2010 2981 2065 3030 249.

1387 3043 1552 3108 Omnipotens
1561 3043 1586 3094 d.
1596 3059 1641 3094 uos
1650 3044 1750 3109 placido
1761 3044 1833 3094 uultu
1844 3043 1966 3109 respiciat,
1976 3057 2030 3105 232.

1387 3121 1553 3187 Omnipotens
1564 3121 1705 3171 dominator
1716 3139 1740 3173 x.
1748 3121 1790 3187 qui
1802 3121 1935 3172 secundum
1947 3121 2156 3185 adsumptionem,
2164 3120 2187 3170 6.

1288 3209 1293 3220 ”
1387 3199 1553 3264 Omnipotens
1564 3199 1679 3249 dominus
1689 3201 1733 3250 det
1744 3201 1816 3250 uobis
1829 3199 1927 3264 copiam
1939 3199 2128 3259 benedictionis,
2139 3211 2194 3262 273.

1388 3276 1554 3342 Omnipotens
1565 3277 1693 3328 mitissime
1705 3278 1729 3328 d.
1740 3278 1832 3343 respice
1844 3277 1968 3343 propitius
1980 3292 2065 3343 preces
2076 3293 2100 3328 n.
2112 3285 2146 3336 et,
2156 3291 2211 3343 239.

1388 3356 1552 3420 Omnipotens
1563 3362 1651 3406 sancta
1667 3355 1765 3406 trinitas
1780 3356 1895 3406 manibus
1911 3372 1934 3405 n.
1949 3371 2023 3421 opem
2038 3364 2093 3415 222,
2109 3369 2164 3408 222.

1387 3432 1553 3498 Omnipotens
1564 3449 1583 3484 s.
1595 3433 1620 3484 d.
1633 3450 1648 3483 a
1660 3435 1730 3484 cuius
1740 3434 1803 3485 t'acie
1814 3433 1868 3484 caeli
1880 3434 2020 3494 distillant,
2032 3447 2087 3496 233.

1389 3513 1554 3577 Omnipotens
1565 3527 1584 3563 s.
1599 3512 1624 3563 2.
1637 3512 1724 3562 adesto
1736 3529 1825 3579 magne
1836 3513 1937 3578 pietatis
1948 3521 2005 3566 tuae.
2017 3512 2072 3574 236.

1388 3591 1553 3656 Omnipotens
1564 3607 1583 3642 s.
1596 3591 1622 3642 d.
1634 3590 1689 3640 sons
1701 3590 1762 3641 lucis
1773 3598 1798 3641 et
1809 3592 1881 3656 origo
1892 3591 2013 3641 bonitatis
2024 3591 2074 3656 qni,
2089 3603 2143 3640 212.

1388 3667 1554 3733 Omnipotens
1565 3684 1585 3718 s.
1596 3668 1621 3718 d
1633 3669 1712 3718 insere
1723 3677 1749 3721 te
1760 3671 1850 3719 officiis
1861 3685 1886 3719 2.
1899 3677 1927 3718 22
1938 3668 1991 3719 haec
2003 3668 2176 3732 2222212223.

1389 3746 1555 3812 Omnipotens
1566 3763 1585 3796 s.
1597 3747 1621 3795 d.
1633 3763 1707 3812 parce
1717 3747 1884 3798 metuentibus
1895 3747 2037 3813 propitiare,
2050 3763 2104 3810 224.

1389 3824 1553 3890 Omnipotens
1564 3841 1584 3874 s.
1595 3824 1621 3874 d.
1633 3841 1658 3890 p.
1670 3825 1720 3877 dni.
1729 3842 1754 3876 2.
1761 3827 1779 3876 i.
1788 3843 1811 3876 x.
1819 3826 1939 3890 respicere
1950 3825 2053 3889 dignare
2065 3839 2146 3889 super,
2157 3835 2212 3887 233.

1388 3901 1553 3967 Omnipotens
1564 3918 1583 3951 2.
1595 3902 1620 3952 2.
1633 3919 1658 3967 9.
1666 3904 1716 3953 dni.
1725 3920 1749 3953 2.
1758 3904 1806 3953 ix.
1816 3910 1841 3952 te
1852 3901 1976 3968 supplices
1985 3917 2122 3963 exommus,
2136 3915 2191 3965 233.

1389 3980 1552 4045 Omnipotens
1563 3996 1583 4031 s.
1595 3981 1619 4030 d.
1631 3981 1673 4046 qni
1684 3996 1788 4046 moysen
1799 3981 1919 4031 famulum
1930 3989 2007 4040 tuum,
2020 3994 2076 4043 224.

1389 4058 1554 4124 Omnipotens
1567 4075 1585 4110 s.
1601 4059 1626 4109 d.
1638 4059 1680 4125 qui
1692 4074 1737 4124 per
1747 4060 1843 4125 lignum
1854 4058 1954 4124 perdito
1965 4059 2065 4118 mundo,
2077 4071 2106 4107 22
2109 4073 2132 4122 3.

1389 4135 1555 4202 Omnipotens
1567 4153 1585 4188 s.
1599 4137 1624 4188 d.
1638 4138 1681 4202 qui
1693 4152 1837 4202 regenerare
1847 4136 1964 4202 dignatus
1972 4151 1998 4186 22
2010 4136 2082 4194 2222,
2093 4150 2148 4186 222.

1389 4208 1593 4279 Omnipotentem
1604 4215 1628 4265 d.
1641 4222 1666 4265 et
1676 4215 1744 4266 dnm.
1755 4232 1779 4266 2.
1791 4215 1857 4264 uotis
1868 4214 2037 4264 exultantibus
2048 4214 2217 4280 deprecemur,
2228 4227 2284 4264 222.

1390 4291 1508 4341 Omnium
1519 4309 1551 4342 ss.
1563 4308 1663 4342 suorum
1673 4293 1769 4342 meritis
1780 4299 1850 4342 eruat
1860 4308 1907 4342 nos
1918 4291 1979 4348 222.,
1988 4302 2011 4354 7.
2027 4297 2033 4308 “

1390 4368 1497 4420 Oramus
1508 4370 1599 4420 22222.
1611 4371 1636 4420 d.
1647 4385 1672 4420 2.
1684 4377 1711 4420 22
1723 4385 1814 4420 2222222
1826 4371 1873 4420 iste
1884 4370 1910 4418 iu
1922 4369 2049 4429 honorem,
2060 4382 2115 4431 223.

1389 4446 1495 4498 Oremus
1506 4448 1530 4497 2.
1542 4464 1579 4498 ac.
1591 4448 1659 4500 2222.
1669 4465 1694 4499 2.
1703 4457 1730 4498 22
1742 4463 1815 4512 22922
1826 4463 1922 4498 seruum
1934 4463 2005 4498 suum
2017 4448 2074 4506 .ill.,
2088 4460 2143 4510 223.

1390 4527 1495 4577 Oremus
1506 4526 1661 4576 dilectissimi
1673 4527 1697 4577 d.
1710 4544 1735 4592 p.
1748 4543 1771 4578 o.
1784 4533 1811 4576 ut
1822 4541 1894 4591 super
1905 4525 1970 4575 hunc
1982 4525 2110 4584 1222221222,
2121 4538 2176 4589 223,
2185 4538 2241 4591 224.

1390 4603 1496 4653 Oremus
1506 4602 1661 4654 dilectissimi
1673 4605 1759 4655 iratres
1770 4603 1839 4654 dnm.
1851 4621 1875 4655 n.
1887 4605 1903 4653 i.
1915 4621 1938 4653 x.
1951 4619 1997 4670 pro
2009 4604 2058 4652 222
2070 4603 2170 4664 samnio,
2185 4603 2239 4654 226.

1390 4681 1495 4731 Oremus
1506 4681 1660 4732 dilectissimi
1672 4681 1760 4731 iratres
1770 4689 1797 4731 ut
1809 4681 1861 4730 dns.
1873 4681 1898 4730 d.
1909 4698 1934 4732 2.
1948 4680 2053 4730 calicem
2064 4696 2142 4740 suum,
2154 4695 2208 4732 221.

1391 4760 1496 4810 Oremus
1508 4759 1574 4810 dnm.
1585 4775 1609 4810 2.
1623 4776 1646 4809 ο.
1657 4761 1699 4825 922
1711 4758 1986 4824 incomprehensibilem
1998 4759 2127 4824 unigeniti,
2141 4773 2196 4826 259.

1391 4839 1496 4888 Oremus
1507 4837 1594 4888 iratres
1604 4838 1723 4890 2222221221
1735 4845 1762 4888 22
1774 4838 1799 4889 d.
1813 4852 1837 4886 2.
1848 4838 1897 4888 222
1907 4837 2078 4894 ministerium.
2087 4850 2142 4887 222.

1391 4917 1496 4967 Oremus
1507 4916 1593 4967 iratres
1604 4926 1632 4967 ut
1642 4917 1667 4967 d.
1678 4926 1703 4968 et
1714 4917 1768 4966 dns.
1778 4932 1803 4967 2.
1812 4917 1828 4964 i.
1837 4933 1860 4968 x.
1868 4932 1914 4966 222
1925 4923 1950 4965 22
1962 4915 2077 4973 electum,
2088 4928 2143 4980 223.

1391 5084 1464 5135 Ρ2222
1474 5091 1557 5134 sancte
1566 5101 1589 5134 0.
1598 5084 1623 5134 d.
1632 5085 1675 5149 qui
1686 5100 1730 5149 per
1741 5084 1808 5135 dnm.
1817 5099 1842 5134 n.
1850 5084 1867 5134 i.
1876 5101 1899 5134 x.
1907 5083 1941 5132 ab
1952 5083 2032 5145 initio,
2043 5093 2098 5145 217.

1391 5162 1439 5211 Per
1449 5163 1648 5212 intercessionem
1660 5170 1751 5212 sanctae
1762 5162 1803 5211 dei
1814 5162 1940 5227 genitricis
1950 5163 1976 5210 in
1989 5177 2042 5216 suo.
2053 5170 2076 5222 7.

1391 5239 1438 5289 Ρ22
1449 5240 1521 5290 istam
1532 5241 1672 5290 unctionem
1684 5247 1709 5290 et
1720 5240 1772 5290 dni.
1779 5240 1978 5289 benedictionem
1990 5239 2137 5290 mundentur
2147 5240 2188 5301 ab,
2201 5253 2257 5304 242.

1390 5317 1500 5368 Petimus
1511 5335 1531 5368 s.
1541 5335 1566 5384 p.
1576 5333 1600 5367 2.
1608 5335 1638 5368 22,
1648 5317 1672 5368 2.
1681 5325 1709 5367 22
1722 5319 1842 5385 respicere
1853 5317 1961 5382 digneris
1972 5331 2116 5382 supensos.

1390 5396 1479 5460 Populi
1492 5398 1527 5446 tui
1539 5413 1563 5462 q.
1572 5397 1628 5446 dne.
1637 5396 1773 5462 propitiare
1784 5395 1893 5461 peccatis
1904 5403 1929 5446 et
1940 5396 2025 5454 totius,
2037 5397 2091 5461 198.

1390 5473 1520 5525 Precamur
1530 5489 1590 5540 ergo
1603 5482 1627 5525 te
1639 5475 1694 5524 dne.
1703 5482 1730 5524 ut
1741 5489 1787 5524 nos
1798 5474 1905 5524 famulos
1916 5482 1972 5523 tuos
1983 5488 2089 5530 omnem,
2104 5487 2159 5536 224.

1390 5552 1478 5602 Preces
1488 5569 1512 5602 2.
1520 5569 1544 5617 9.
1552 5554 1607 5604 222.
1616 5553 1748 5604 2122222222
1758 5552 1847 5602 exaudi
1858 5560 1883 5602 et
1894 5551 1958 5601 hunc
1969 5551 2083 5608 electum,
2092 5566 2146 5616 233.

1390 5630 1527 5696 Ρ229221222
1538 5631 1594 5684 222.
1604 5631 1830 5698 supplicationibus
1840 5647 1865 5682 2.
1876 5637 1901 5681 22
1911 5629 2030 5680 inclinato
2041 5645 2123 5698 super,
2132 5641 2188 5693 217.
