5122 6610
639 597 831 674 titutionem

268 815 326 877 que
354 798 492 861 dominus
522 799 622 862 ihesus
649 800 774 863 christus
802 802 928 880 insignia
955 803 1169 882 triumphorum

266 893 389 972 trophea
402 895 582 968 reseruauit;
601 893 717 967 Quibus
730 898 973 958 remunerationis
987 915 1041 973 sue
1054 898 1169 975 palmas

267 989 453 1050 uincentibus
466 989 573 1060 tribuit,
587 999 617 1048 et
629 989 790 1050 uirentibus
804 991 939 1070 paradysi
957 992 1078 1053 floribus
1098 1010 1169 1053 suos

267 1083 371 1144 milites
385 1083 547 1144 coronauit.
590 1082 629 1144 Et
643 1083 710 1144 ideo
724 1102 800 1145 cum.

586 1255 844 1344 [Posrcommumol

307 1379 447 1457 Sumptis,
467 1380 595 1452 domine,
618 1383 814 1455 sacramentis,
836 1401 1004 1460 quesumus,
1024 1394 1057 1444 ut
1080 1383 1168 1444 inter·

266 1475 436 1536 cedentibus
458 1475 550 1536 beatis
571 1477 742 1554 martyribus
763 1478 828 1550 tuis,
850 1478 984 1552 dionisio,
1006 1478 1124 1551 mstico,
1138 1489 1168 1538 et

264 1568 432 1642 eleutherio,
456 1570 495 1630 ad
518 1571 729 1648 redemptionis
753 1584 861 1634 aeterne
882 1574 1070 1650 proficiamus
1094 1592 1165 1652 aug·

262 1677 402 1728 mentum.
446 1668 501 1729 Per
515 1670 676 1730 dominum.

520 2260 631 2327 &tatio
651 2279 703 2345 prr
724 2261 902 2329 familiarite

307 2398 401 2462 Deus
427 2395 767 2478 incomprehensibilis
789 2407 823 2463 et
846 2398 1082 2475 inenarrabilis,
1107 2400 1165 2482 qui

263 2517 324 2581 pro
347 2495 574 2580 peccatoribus
596 2496 764 2561 saluandis
786 2498 821 2561 in
844 2499 1005 2562 mundum
1024 2499 1164 2578 uenisti3

262 2597 425 2680 propitius
455 2604 526 2660 esto
553 2595 685 2660 famulis
713 2597 789 2674 tuis,
813 2599 976 2663 beniuolis
1002 2602 1164 2678 omnibus,

264 2706 297 2762 et
320 2695 595 2774 benefactoribus,
617 2707 720 2779 atque
744 2699 997 2781 consanguineis
1024 2702 1164 2780 nostris3

263 2817 320 2861 seu
336 2806 370 2860 et
385 2795 437 2860 his
452 2797 508 2878 qui
524 2815 560 2859 se
575 2797 695 2860 nostris
717 2798 868 2862 manibus
891 2799 944 2864 uel
961 2801 1165 2866 orationibus

263 2896 587 2970 commendauerunt‚
614 2894 668 2958 uel
694 2897 751 2978 qui
777 2898 873 2962 nobis
899 2898 1164 2964 aelemosinarum

264 3015 396 3059 suarum
420 2995 543 3058 reditus
569 3005 808 3078 eroganerunt;
842 3018 993 3062 succurre
1020 3000 1068 3064 eis
1091 3000 1164 3065 ubi-

263 3115 336 3178 que,
373 3103 407 3159 et
441 3114 575 3158 manum
609 3097 824 3176 protectionis
858 3107 925 3162 tuae
957 3100 1098 3183 porrige,
1127 3111 1165 3168 ut

263 3194 388 3259 auxilio
404 3193 635 3259 misericordiae
647 3203 714 3258 tuae
732 3197 827 3261 malis
842 3198 997 3263 omnibus
1014 3201 1117 3277 exuti,
1130 3211 1165 3268 et

263 3297 295 3359 in
318 3295 382 3360 hoc
404 3314 541 3377 corpore
563 3294 624 3358 tibi
642 3295 785 3378 perfecte
807 3300 1005 3375 deseruiant‚
1022 3309 1056 3364 et
1076 3320 1164 3364 sern-

260 3396 387 3478 piterne
427 3396 743 3476 recompensationis
786 3397 962 3481 participes
1006 3401 1163 3466 existant.

262 3495 323 3560 Per
337 3495 510 3559 dominum
526 3503 687 3559 nostrum.

421 3697 531 3764 draus
551 3715 603 3780 prr
623 3698 701 3762 omni
721 3700 828 3780 populu
850 3701 995 3778 ratisrltrn.

302 3837 449 3903 Domine
474 3840 566 3912 deus,
591 3857 650 3901 rex
680 3837 753 3901 caeli
783 3847 818 3903 et
848 3849 952 3917 terrae,
977 3861 1035 3923 per
1061 3861 1160 3924 quem

260 3939 370 4002 omnia
390 3949 500 4003 creata
523 3937 708 4002 subsistunt
727 3947 760 4002 et
782 3938 1016 4021 gubernantur,
1037 3941 1160 4004 exaudi

259 4062 372 4127 preces
394 4051 532 4119 nostras,
547 4050 581 4106 et
604 4060 716 4124 regem
742 4049 899 4118 nostrum,
916 4061 991 4104 cum
1010 4043 1159 4124 coniuge,

258 4152 291 4207 et
314 4142 401 4206 natis
424 4141 503 4216 eius,
524 4149 559 4206 et
580 4160 657 4205 cum
679 4139 831 4204 uniuersa
850 4140 988 4204 ecclesia
1011 4140 1159 4204 fidelium

257 4250 389 4306 tuorum
409 4261 468 4305 seu
491 4241 592 4304 etiarn
616 4239 798 4303 infidelium
824 4248 999 4324 protegere
1023 4250 1057 4305 et
1081 4260 1159 4304 con-

256 4362 386 4407 seruare
401 4341 555 4426 digneris.
602 4339 657 4403 Da
680 4337 709 4402 ei
733 4359 850 4421 pacem
867 4349 901 4404 et
923 4338 1065 4404 salutem
1081 4360 1158 4404 con·

258 4442 402 4517 tinuam;
427 4442 470 4505 da
486 4439 639 4503 omnibus
662 4438 814 4503 fidelibus
837 4439 901 4504 tuis
924 4439 957 4502 in
981 4438 1047 4503 fide
1070 4449 1159 4503 recta

258 4552 291 4607 et
312 4560 413 4624 opere
437 4541 527 4605 bono
549 4540 743 4623 persistere;
770 4537 957 4604 infidelibus
979 4548 1091 4603 autem
1113 4539 1158 4604 ad

255 4651 288 4706 te
317 4642 419 4705 deum
448 4659 564 4704 uerum
593 4632 768 4703 salubriter
789 4639 946 4718 conuerti,
974 4648 1008 4704 et
1034 4639 1094 4703 tibi
1125 4639 1159 4702 in

254 4739 381 4825 gremio
395 4738 578 4804 electorum
594 4748 754 4822 perpetuo
772 4736 933 4802 famulari.
972 4738 1036 4802 Per
1050 4737 1157 4802 domi-

256 4861 336 4905 num
351 4849 510 4905 nostrum.

411 5024 522 5091 &tatis
542 5025 687 5105 granatis
707 5042 759 5108 ptr
780 5026 859 5089 unni
879 5026 996 5108 populu.

297 5160 443 5224 Domine
464 5161 547 5225 deus
569 5158 791 5241 omnipotens,
815 5159 938 5223 exaudi
962 5179 1016 5224 me
1042 5160 1154 5242 propi-

254 5259 325 5336 tius,
341 5268 376 5324 et
391 5259 524 5335 exaudi,
540 5279 728 5342 quesumus,
743 5278 857 5341 preces
878 5258 1028 5323 omnium
1049 5258 1154 5322 samu·

254 5357 359 5422 lorum
381 5380 422 5424 ac
439 5358 587 5424 fidelium
610 5369 753 5433 tuorum,
771 5367 805 5423 et
826 5379 986 5424 conserua
1009 5359 1042 5421 in
1064 5358 1154 5423 bono

254 5478 355 5541 opere
373 5459 529 5542 uiamque
545 5457 749 5523 rectitudinis
765 5477 804 5522 ac
823 5458 914 5540 pacis
930 5477 1045 5522 omnes
1061 5478 1154 5541 reges

255 5567 287 5621 et
308 5558 471 5641 principes
493 5567 600 5635 terrae,
615 5557 716 5622 duces
731 5567 765 5621 et
784 5557 916 5636 iudices,
932 5559 1104 5641 episcopos
1119 5567 1154 5624 et

197 5663 199 5668 ’
256 5658 462 5739 presbiteros
492 5677 694 5740 omnemque
731 5656 853 5722 clerum
892 5656 1039 5722 ecclesiae
1076 5677 1152 5722 cum

1568 608 1758 685 &rostrata
2056 633 2129 710 207

1590 882 1756 971 [erasnm.

1263 1000 1355 1087 [Uere
1370 999 1516 1088 dignum],
1531 1015 1639 1066 aeteme
1660 1007 1741 1068 deus
1785 1006 1845 1082 Qui
1859 1009 1946 1071 nobis
1960 1010 1991 1071 in
2008 1011 2125 1085 christo,

1221 1100 1372 1178 unigenito
1397 1099 1465 1172 filio,
1491 1100 1614 1161 domino
1638 1112 1739 1163 nostro
1763 1120 1848 1180 spem
1872 1105 1958 1164 beate
1981 1125 2125 1168 resurrec-

1221 1196 1310 1256 tionis
1324 1194 1504 1268 concessisti,
1518 1205 1632 1272 praesta,
1643 1213 1812 1273 quesumus,
1823 1204 1855 1257 ut
1869 1199 1977 1273 anime,
1991 1218 2047 1277 pro
2061 1202 2126 1279 qui·

1220 1290 1276 1350 bus
1296 1289 1355 1350 hoc
1376 1289 1550 1351 sacrificium
1569 1290 1779 1368 redemptionis
1798 1301 1896 1367 nostre
1910 1303 1960 1368 tue
1974 1294 2124 1355 offerimus

1219 1384 1372 1456 maiestati,
1384 1385 1423 1444 ad
1437 1385 1523 1460 beate
1534 1384 1750 1445 resurrectionis
1764 1386 1903 1462 requiem,
1916 1397 1944 1446 te
1958 1388 2121 1462 miserante,

1220 1497 1288 1540 cum
1314 1481 1422 1540 sanctis
1443 1479 1499 1540 tuis
1522 1479 1674 1557 peruenire
1694 1491 1869 1541 mereantur.
1908 1481 1964 1542 Per
1983 1483 2123 1544 christum

1219 1573 1379 1634 dominum.

1218 2277 1351 2334 caterua
1387 2264 1536 2330 omnium
1574 2260 1820 2342 monachorum,
1850 2263 2121 2348 congregationes

1217 2377 1406 2433 sanctarum
1429 2363 1603 2446 uirginum,
1622 2361 1869 2439 monachorum,
1893 2373 1928 2428 et
1950 2364 2123 2429 continen-

1217 2469 1310 2542 tium,
1327 2467 1576 2548 coniugatorum
1591 2462 1740 2527 omnium
1761 2461 2025 2544 christianorum,
2041 2485 2120 2547 pue-

1218 2587 1327 2632 rorum
1344 2577 1379 2630 et
1396 2560 1605 2648 puellarum¹,
1619 2561 1836 2645 omniumque
1858 2562 2122 2645 delinquentium

1217 2667 1328 2750 lapsus
1339 2667 1383 2730 ad
1396 2666 1522 2730 bonurn
1535 2661 1667 2726 reflecte
1678 2681 1780 2744 opus;
1799 2663 1969 2744 egentium
1979 2684 2123 2747 quoque,

1216 2769 1401 2843 uiduarum,
1423 2783 1616 2848 pauperum,
1640 2771 1673 2826 et
1699 2762 1859 2827 debilium
1886 2764 2058 2846 angustias
2088 2774 2123 2829 et

1217 2866 1365 2931 miserias
1395 2866 1529 2947 respice,
1554 2872 1589 2929 et
1615 2871 1708 2926 tuam
1735 2863 1782 2926 eis
1807 2862 2065 2927 misericordiam
2088 2875 2122 2936 et

1216 2967 1476 3032 consolationem
1500 2963 1677 3046 impende;
1700 2971 1735 3026 et
1757 2963 1800 3026 de
1819 2963 2032 3045 oppressione
2051 2984 2122 3028 ma·

1216 3065 1322 3131 lorum
1346 3075 1380 3130 et
1402 3063 1553 3128 omnium
1576 3062 1761 3145 iniquorum
1785 3060 1936 3138 deiende,
1953 3072 1987 3129 et
2007 3064 2051 3130 ad
2071 3065 2121 3129 tui

1217 3166 1359 3230 nominis
1383 3163 1591 3250 agnitionem
1617 3171 1651 3226 et
1677 3161 1755 3225 fidei
1779 3162 1956 3226 ueritatem
1986 3183 2121 3228 omnem

1215 3265 1377 3350 populum
1400 3262 1616 3328 christianum
1640 3261 1786 3344 digneris
1807 3263 1996 3344 perducere,
2022 3273 2056 3328 et
2087 3265 2120 3328 in

1216 3365 1304 3430 bono
1339 3383 1438 3448 opere
1472 3381 1548 3427 cum
1581 3360 1820 3444 tranquillitate
1857 3368 2055 3446 temporum,
2086 3373 2120 3428 et

1215 3465 1391 3529 hubertate
1413 3462 1588 3540 fructuum,
1609 3459 1664 3526 uel
1686 3461 1829 3526 sanitate
1855 3480 2039 3544 corporum,
2062 3472 2119 3527 tua

1214 3563 1321 3647 gratia
1347 3563 1567 3647 gubernante,
1591 3581 1697 3643 usque
1721 3561 1755 3624 in
1779 3561 1880 3625 finem
1910 3581 2120 3645 perseuerare

1215 3666 1369 3742 concede,
1384 3673 1418 3728 et
1434 3662 1584 3728 omniurn
1599 3661 1736 3726 fratrum
1752 3671 1938 3726 nostrorum
1954 3681 2118 3726 sororum·

1214 3787 1280 3850 que
1297 3776 1485 3831 nostrarum
1504 3766 1643 3841 animas,
1659 3784 1800 3847 quorum
1821 3764 1956 3828 nomina
1973 3773 2011 3829 tu
2027 3765 2090 3829 scis
2097 3763 2118 3842 ¹,

1214 3869 1348 3932 domine
1376 3869 1469 3945 deus,
1492 3867 1549 3949 qui
1578 3887 1639 3930 nos
1670 3867 1703 3929 in
1730 3865 1897 3930 dominica
1922 3875 2017 3947 parte
2042 3887 2118 3930 cum

1213 3967 1309 4050 signo
1320 3967 1399 4032 fidei
1412 3976 1651 4050 precesserunt,
1664 3963 1802 4030 indultis
1817 3963 1987 4047 culparum
2004 3967 2119 4030 errori·

1213 4066 1284 4145 bus,
1294 4067 1327 4131 in
1339 4077 1558 4150 augmentum
1570 4075 1695 4131 aeterne
1707 4063 1854 4130 ecclesiae
1870 4064 1994 4129 caelesti
2006 4085 2117 4149 regn0,

1212 4169 1256 4232 ad
1278 4167 1411 4232 laudern
1435 4177 1469 4232 et
1491 4167 1632 4250 gloriam
1655 4165 1797 4229 nominis
1828 4165 1876 4230 tui
1907 4185 1966 4228 nos
1992 4166 2116 4229 sociare

1211 4267 1365 4349 digneris.
1403 4266 1470 4351 Qui
1486 4269 1520 4332 in
1536 4268 1684 4332 trinitate
1699 4265 1846 4349 perlecta
1862 4265 1945 4330 uiuis
1960 4275 1994 4330 et
2008 4266 2116 4329 domi·

1213 4369 1300 4433 naris
1315 4377 1350 4432 et
1374 4388 1493 4452 regnas
1508 4369 1592 4432 deus
1613 4388 1673 4451 per
1694 4365 1824 4430 infinita
1838 4364 1958 4431 saecula
1979 4363 2115 4430 saeculo·

1211 4490 1294 4535 rum.
1338 4468 1480 4534 Amen¹.

1406 4705 1516 4772 uram
1537 4707 1569 4770 in
1590 4709 1702 4786 agenta
1722 4710 1912 4770 nmrtnomnt·

1254 4840 1397 4907 Oremus
1419 4838 1545 4904 domini
1576 4839 1833 4904 misericordiam
1858 4858 1920 4922 pro
1945 4835 2112 4922 spiritibus

1209 4939 1439 5005 defunctorum
1459 4948 1493 5004 et
1507 4939 1750 5015 defunctarum,
1765 4956 1905 5022 quorum
1922 4946 1956 5000 et
1971 4956 2110 5020 quarum

1209 5040 1344 5105 nomina
1374 5041 1609 5104 commendata
1638 5049 1714 5105 sunt
1747 5039 1851 5118 nobis,
1882 5047 1917 5103 et
1945 5059 2007 5123 pro
2035 5037 2108 5116 illis,

1207 5162 1318 5207 sacras
1332 5141 1459 5205 hostias
1475 5140 1705 5218 immolamus3
1729 5148 1763 5204 et
1778 5158 1838 5223 pro
1850 5136 2017 5222 spiritibus
2028 5137 2110 5202 alio-

1238 5360 1247 5390 ¹
1265 5359 1321 5410 The
1333 5357 1589 5425 comprehmsiveness
1601 5355 1631 5406 of
1637 5355 1689 5406 this
1701 5355 1750 5406 and
1761 5355 1804 5406 the
1816 5353 1947 5418 following
1958 5354 2055 5418 Prayer,
2065 5353 2109 5405 the

1206 5440 1349 5490 tendemess
1360 5438 1390 5488 oi
1394 5438 1427 5486 its
1437 5436 1599 5502 expressions,
1608 5435 1651 5484 the
1662 5449 1777 5500 presence
1789 5433 1866 5483 nithe
1874 5432 1976 5498 phrases
1986 5433 2071 5496 ‘pueri
2083 5439 2108 5481 et

1205 5519 1320 5587 puellae,'
1339 5523 1458 5584 ‘quorum
1475 5515 1578 5566 nomina
1597 5521 1625 5564 tu
1643 5512 1707 5576 scis)
1721 5512 1835 5579 ‘paginae
1851 5511 1959 5569 sauctae,'
1972 5510 2108 5578 'pausare,'

1206 5597 1276 5648 mark
1288 5596 1358 5646 them
1369 5611 1397 5646 as
1408 5595 1438 5646 oi
1447 5593 1563 5646 Gallican
1574 5592 1657 5643 rather
1666 5592 1727 5642 thau
1739 5591 1769 5641 oi
1776 5592 1875 5640 Roman
1887 5591 1975 5656 origin.
1999 5589 2045 5642 See
2053 5591 2108 5641 Ltr.

1205 5675 1261 5726 and
1270 5675 1324 5726 Rit.
1337 5675 1368 5740 os
1377 5674 1454 5725 Celtic
1468 5672 1577 5735 Cherub,
1590 5687 1634 5739 pp.
1647 5684 1702 5736 233,
1716 5684 1772 5736 240,
1786 5669 1832 5734 258
1855 5667 1910 5735 265.
