5122 6610
729 569 920 646 mutuus.

372 593 441 662 232

366 774 419 839 uel
434 794 494 858 pro
505 771 756 857 quibuscunque
767 771 929 837 auxilium
945 779 1040 836 tuum
1055 769 1267 849 inuocauerit,

366 877 432 940 cito
446 875 546 950 adsis,
563 882 727 958 protegas,
745 882 779 937 et
794 872 953 940 delendas
961 869 983 935 ¹.
1029 869 1099 935 Per.

365 998 537 1063 Rectr'tudo
559 999 645 1080 regis
665 1007 714 1061 est
734 998 862 1061 nouiter
876 995 1029 1073 ordinati,
1043 1004 1076 1058 et
1097 995 1132 1059 t'u
1149 995 1268 1060 solium

408 1095 584 1174 sublimati,
598 1095 715 1179 populo
733 1098 801 1161 tria
815 1105 963 1179 precepta
978 1095 1043 1159 sibi
1055 1094 1182 1160 utbdito
1191 1105 1267 1176 pre·

408 1200 531 1280 capere:

410 1323 575 1406 Inprimis,
600 1329 638 1386 ut
668 1320 806 1386 ecclesia
835 1321 889 1386 dei
920 1330 955 1386 et
984 1320 1093 1386 omnis
1123 1319 1266 1404 populus

365 1435 561 1502 christianus
577 1454 690 1499 ueram
705 1453 822 1518 pacem
841 1441 973 1499 seruent
992 1434 1026 1498 in
1045 1434 1267 1517 omnipotenti

365 1537 439 1602 deo.
477 1535 515 1600 li.
536 1533 659 1598 Amen.

409 1634 513 1700 Aliud
533 1643 592 1714 est,
608 1644 645 1699 ut
666 1633 863 1716 rapacitates
885 1640 919 1696 et
939 1653 1055 1698 omnes
1076 1631 1266 1714 iniquitates

365 1736 520 1800 omnibus
535 1735 692 1818 gradibus
707 1733 890 1797 interdicat.
928 1732 966 1791 R.
989 1730 1112 1797 Amen.

408 1833 560 1899 Tertium
576 1843 635 1912 est,
651 1842 689 1897 ut
704 1833 737 1896 in
752 1831 906 1897 omnibus
926 1832 1052 1896 iudiciis
1073 1832 1266 1914 aequitatem

366 1946 400 2001 et
430 1935 686 2000 misericordiam
717 1933 889 2015 precipiat,
919 1943 957 1996 ut
987 1952 1046 2015 per
1074 1931 1138 1996 hoc
1172 1931 1267 1996 nobis

367 2032 536 2118 indulgeat
552 2034 809 2099 misericordiam
825 2051 918 2096 suam
931 2031 1079 2096 clemens
1094 2040 1127 2096 et
1143 2032 1268 2096 miseri-

367 2155 438 2200 cors
453 2136 547 2200 deus.
591 2131 714 2197 Amen.
1076 2153 1079 2160 ’

414 2325 577 2393 brunones
597 2339 662 2408 qna
680 2325 800 2390 bumba
821 2329 895 2390 runt
912 2340 1000 2406 rapu
1021 2323 1230 2407 acrhiepiscopo

597 2428 754 2504 uunquam
773 2423 895 2504 pallium
916 2421 1045 2504 arripiat.

409 2541 514 2618 Deus,
524 2542 735 2626 omnipotens
746 2553 849 2625 pater,
861 2542 917 2624 qui
930 2562 995 2605 non
1005 2541 1144 2626 propriis
1155 2541 1270 2607 suifra-

371 2644 528 2726 gantibus
552 2643 686 2721 meritis,
706 2643 765 2708 sed
790 2641 861 2707 sola
885 2642 1041 2707 ineffabili
1060 2643 1176 2726 gratiae
1200 2651 1269 2706 tuae

367 2743 520 2827 largitate
543 2742 644 2808 istum
670 2740 831 2807 famulum
858 2751 953 2807 tuum
978 2740 1034 2806 ull.
1059 2738 1184 2825 populo
1211 2751 1269 2805 tuo

367 2863 500 2926 preesse
536 2843 682 2917 iussisti;
717 2842 825 2906 tribue
863 2861 923 2924 per
958 2841 1099 2924 gratiam
1137 2841 1269 2924 spiritus

368 2944 473 3008 sancti
484 2942 532 3008 tui
545 2943 644 3024 digne
656 2941 716 3005 tibi
732 2939 919 3024 persoluere
931 2941 1148 3005 ministerium
1163 2960 1270 3005 sacer·

368 3039 489 3106 dotalis
500 3040 605 3114 officii,
617 3050 650 3106 et
662 3039 890 3105 ecclesiasticis
903 3040 1137 3104 conuenienter
1148 3040 1269 3106 seruire

368 3141 564 3221 ministeriis,
591 3139 790 3224 plebemque
820 3140 1032 3204 commissam
1058 3138 1101 3204 ad
1128 3139 1268 3222 gloriam

368 3242 417 3307 tui
433 3242 583 3319 nominis,
599 3250 633 3304 te
648 3241 682 3304 in
696 3239 850 3304 omnibus
865 3248 1068 3323 protegente,
1084 3239 1268 3322 gubernare

368 3342 522 3407 concede.
568 3341 631 3406 Per
644 3341 816 3405 dominum
832 3350 993 3406 nostrum.

769 3493 863 3559 Alia.

413 3606 516 3686 Deus,
535 3607 731 3672 innocentiae
754 3607 925 3672 restitutor
947 3616 981 3672 et
1004 3615 1143 3684 amator,
1165 3606 1270 3689 dirige

369 3706 457 3772 hunc
479 3706 640 3772 famulum
662 3715 758 3771 tuum
778 3705 834 3772 a'll.
853 3707 987 3789 spiritus
1009 3708 1057 3772 tui
1080 3706 1216 3787 feruore,
1232 3716 1269 3771 ut

370 3807 403 3870 in
430 3804 497 3870 fide
522 3805 709 3871 inueniatur
732 3806 869 3886 stabilis,
895 3814 929 3871 et
959 3807 992 3870 in
1018 3807 1173 3889 operibus
1202 3807 1270 3872 suis

371 3905 499 3972 efficax.
531 3904 697 3971 Inlumina
708 3925 785 3970 eum
800 3906 925 3969 lumine
937 3906 1128 3989 sapientiae3
1144 3908 1270 3970 munda

371 4025 447 4068 eum
463 4014 497 4069 et
518 4004 707 4080 sanctifica3
730 4005 774 4069 da
793 4006 822 4069 ei
843 4004 1018 4070 consilium
1039 4016 1174 4084 rectum,
1191 4007 1269 4070 doc·

371 4105 490 4168 trinam
507 4112 655 4169 sanctam
668 4127 676 4180 ;
700 4105 801 4187 etqui
813 4124 889 4168 eum
905 4105 992 4170 inter
1002 4125 1151 4169 summos
1166 4125 1271 4170 sacer·

371 4205 467 4267 dotes
479 4203 613 4267 uoluisti
625 4223 807 4280 numerare,
817 4205 961 4268 concede
973 4214 1010 4268 ut
1021 4205 1110 4287 quod
1123 4203 1271 4270 humano

371 4323 427 4367 ore
443 4323 520 4366 eum
535 4302 667 4368 uoluisti
684 4305 803 4378 uocari,
816 4302 879 4368 hoc
896 4304 929 4367 in
945 4314 1123 4386 conspectu
1139 4314 1198 4369 tuo
1213 4325 1273 4388 per

370 4403 512 4486 gratiam
527 4411 595 4467 tuae
616 4404 749 4486 pietatis
768 4405 874 4487 possit
893 4403 982 4479 fieri;
1005 4414 1043 4468 ut
1061 4424 1137 4469 cum
1158 4406 1271 4472 electis

370 4503 437 4568 tuis
473 4511 596 4569 aeteme
626 4505 705 4568 uitae
734 4503 975 4571 beatitudinem
1007 4505 1175 4589 percipere
1204 4527 1271 4571 me-

372 4613 490 4668 reatur.

440 4724 599 4809 Sequitur
614 4728 720 4792 oratio
726 4735 901 4812 postquam
915 4738 1072 4812 acceptum
1079 4729 1198 4812 suerit.

415 4850 569 4926 Domine,
580 4861 694 4917 sancte
705 4863 810 4936 pater,
820 4853 1031 4938 omnipotens
1043 4864 1167 4921 aeterne
1179 4857 1271 4933 deus,

372 4971 432 5016 rex
445 4971 572 5034 regum,
586 4959 620 5016 et
632 4953 787 5017 dominus
797 4954 1049 5032 dominantium,
1062 4955 1272 5021 clementiam

372 5062 466 5115 tuam
492 5049 659 5116 humiliter
685 5073 872 5130 exoramus,
898 5074 1026 5119 necnon
1053 5065 1087 5120 et
1113 5055 1272 5140 unigeniti

373 5149 430 5213 filii
455 5150 504 5214 tui
527 5150 653 5215 domini
677 5152 779 5216 nostri
805 5151 896 5217 ihesu
921 5152 1043 5233 christi,
1067 5154 1133 5238 qui,
1157 5175 1273 5221 omnes

373 5257 499 5312 aeterno
539 5250 734 5332 pontificatu
776 5255 1034 5335 supereminens,
1071 5253 1161 5318 solus
1201 5255 1272 5321 sine

375 5347 504 5412 macula
524 5349 727 5415 sacerdotale
747 5353 964 5417 ministerium
984 5353 1144 5436 impleuit,
1159 5354 1271 5418 simul·

375 5465 439 5527 que
454 5449 557 5512 sancti
573 5450 713 5532 spiritus,
725 5452 816 5515 cuius
831 5452 1014 5535 septiformi
1030 5453 1138 5536 gratia
1149 5455 1272 5521 caelesti

667 5623 678 5693 ξ
693 5625 787 5676 Pontii.
797 5626 863 5692 Egb.
874 5642 898 5693 p.
910 5641 965 5694 103.

1675 567 1864 643 mutuus.

1320 769 1444 836 uirtute
1454 777 1573 835 cuncta
1583 769 1787 847 sanctificam
1808 769 2220 840 uthuncsamulumtuum

1322 868 1379 935 .ill.
1391 870 1503 952 diuine
1518 869 1736 953 prouidentiae
1751 870 1858 954 gratia
1873 871 2072 956 largiente,a
2088 873 2221 937 minori·

1320 968 1382 1032 bus
1406 989 1512 1052 usque
1534 970 1580 1034 ad
1605 970 1730 1034 maiora
1755 990 1814 1053 per
1837 971 1959 1053 gradus
1983 974 2219 1038 ascendentem

1319 1088 1459 1152 superne
1473 1071 1607 1153 pietatis
1622 1080 1689 1134 tuae
1708 1070 1835 1154 gremio
1854 1079 2025 1154 gratanter
2038 1072 2219 1155 suscipias,

1320 1178 1353 1234 et
1369 1170 1446 1252 quia
1462 1169 1557 1233 nobis
1573 1169 1725 1253 indignis,
1736 1190 1820 1252 quos
1829 1171 1917 1235 sedis
1931 1172 2114 1255 apostolice
2129 1193 2219 1236 sum·

1319 1287 1439 1351 meque
1457 1269 1624 1334 ministros
1644 1269 1812 1335 seruitutis
1833 1290 1899 1334 non
1919 1271 2131 1353 exigentibus
2151 1292 2221 1336 me-

1319 1368 1397 1445 ritis,
1414 1368 1474 1432 sed
1497 1368 1586 1432 dono
1609 1368 1795 1434 clementiae
1817 1378 1884 1435 tuae
1908 1370 2116 1451 constituisti,
2132 1372 2220 1436 salu-
2282 1392 2286 1396 ·

1317 1467 1445 1532 taribus
1459 1467 1661 1533 indumentis
1678 1469 1721 1533 ad
1738 1469 1819 1533 sacri
1835 1469 1948 1534 altaris
1970 1469 2114 1534 officium
2134 1470 2221 1536 foras

1318 1569 1458 1633 uestitus
1469 1567 1659 1650 impresenti
1671 1576 1818 1651 apparet,
1828 1569 1872 1633 ab
1881 1569 2036 1634 omnibus
2047 1569 2220 1634 criminum

1318 1668 1480 1751 contagiis
1492 1667 1683 1750 castigatus,
1696 1678 1856 1752 perpetua
1867 1669 2001 1752 spiritus
2012 1671 2061 1733 tui
2077 1669 2221 1734 sanctifi·

1319 1767 1449 1831 catione
1478 1766 1567 1832 intus
1593 1765 1723 1850 impleri
1750 1777 1935 1840 mereatum
1964 1768 2097 1851 uiuique
2120 1767 2220 1834 sontis

1319 1865 1497 1931 fluentibus
1516 1866 1686 1950 irrigatum
1707 1867 1866 1931 uirtutum
1886 1867 2046 1933 fructibus
2066 1887 2220 1944 crescere,

1320 1974 1354 2030 et
1376 1985 1487 2030 coram
1511 1965 1666 2030 omuibus
1690 1966 1870 2032 clarescere
1895 1969 2067 2046 concedas,
2089 1977 2127 2032 ut
2151 1968 2221 2034 eius

1320 2065 1390 2130 uita
1406 2065 1477 2130 aliis
1495 2065 1601 2147 possit
1622 2065 1779 2148 exempla
1799 2067 1946 2150 prebere.
1993 2066 2046 2133 Sit
2066 2069 2095 2131 ei
2116 2066 2222 2132 honor

1321 2165 1430 2248 pallei,
1446 2175 1676 2231 ornamentum
1693 2167 1823 2243 animae,
1840 2175 1875 2231 et
1893 2167 1982 2233 unde
1997 2167 2135 2232 aduenit
2156 2167 2222 2234 fas·

1320 2265 1438 2349 tigium
1467 2265 1604 2340 uisibile,
1630 2264 1708 2330 inde
1736 2265 1888 2332 florescat
1915 2286 2010 2331 amor
2039 2267 2221 2332 inuisibilis.

1320 2365 1397 2430 Tua
1419 2364 1532 2430 diuina
1555 2365 1705 2447 potentia
1729 2385 1805 2430 eum
1830 2366 2037 2430 corroboret.
2074 2364 2139 2430 'lui
2164 2365 2222 2430 filii

1321 2466 1426 2530 uirtus
1442 2465 1568 2530 uiscera
1584 2465 1655 2529 eius
1669 2463 1834 2530 secundet.
1877 2465 1943 2530 Tui
1962 2465 2096 2549 spiritus
2114 2467 2223 2550 gratia

1321 2563 1474 2629 interiora
1496 2565 1567 2628 eius
1590 2563 1738 2647 impleat.
1784 2565 1847 2629 Per
1868 2574 1903 2631 te
1929 2564 2120 2631 firmitatem
2143 2564 2222 2630 fidei

1320 2662 1483 2746 catholice
1502 2682 1568 2728 non
1588 2664 1696 2728 solum
1718 2664 1852 2730 sibimet
1870 2667 2023 2730 seruandi
2045 2665 2222 2731 sedetiam

1320 2761 1402 2826 alios
1417 2764 1558 2828 docendi
1574 2783 1673 2829 causa
1688 2775 1870 2830 consemet.
1916 2765 1980 2829 Per
1998 2775 2035 2830 te
2056 2765 2223 2831 cathedrae

1321 2862 1515 2946 episcopalis
1542 2872 1576 2929 et
1603 2864 1750 2928 ecclesiae
1774 2863 1968 2930 uniuersalis
1995 2875 2127 2930 scutum
2155 2887 2222 2931 non

1321 2963 1429 3027 solum
1456 2983 1477 3026 a
1507 2963 1716 3046 spiritalibus,
1740 2963 1799 3027 sed
1824 2964 1926 3028 etiam
1951 2985 1972 3028 a
1999 2964 2224 3046 corporalibus

1319 3061 1416 3128 huius
1431 3062 1533 3145 seculi
1549 3063 1805 3128 aduersitatibus
1818 3063 1943 3127 habere
1957 3073 2131 3128 mereatur.
2162 3065 2224 3128 Per

1320 3172 1355 3228 te
1374 3163 1556 3246 apostolice
1577 3163 1748 3247 dignitatis
1767 3163 1801 3226 in
1819 3163 1909 3228 caelis
1932 3173 1966 3228 et
1989 3165 2136 3229 interris
2158 3163 2224 3230 sol·

1319 3263 1420 3327 uendi
1432 3271 1466 3327 et
1481 3262 1606 3346 ligandi
1622 3283 1688 3327 non
1701 3261 1808 3328 solum
1821 3282 1958 3346 corpora
1971 3263 2075 3328 sedet
2086 3264 2223 3344 animas,

1319 3363 1433 3426 diuina
1453 3362 1579 3427 ditatus
1599 3363 1715 3446 gratia,
1730 3363 1914 3428 dominium
1936 3363 2103 3446 suscipiat,
2118 3372 2155 3428 ut
2176 3365 2225 3430 ita

1320 3462 1428 3546 dignis
1451 3461 1654 3527 successibus
1678 3462 1802 3528 deuote
1825 3463 1960 3546 degens,
1984 3465 2028 3529 ad
2055 3463 2225 3530 destinata

1319 3563 1443 3628 sanctis
1482 3563 1609 3646 premia
1646 3562 1856 3644 perueniens,
1886 3572 2047 3628 aeternam
2083 3564 2225 3647 accipiat

1319 3661 1574 3728 beatitudinem.
1618 3661 1691 3726 Per.

1472 3919 1582 3987 &ratis
1603 3936 1693 4001 super
1713 3919 1860 3984 intimum
1879 3922 2070 4003 penitentem.

1365 4055 1493 4133 Precor,
1524 4054 1668 4130 domine,
1699 4055 1911 4120 clementiam
1940 4064 2044 4136 tuam,
2073 4065 2111 4122 ut
2147 4057 2224 4123 huic

1321 4155 1446 4220 famulo
1476 4165 1535 4220 tuo
1561 4163 1697 4238 peccata
1726 4175 1787 4218 sua
1816 4163 1850 4218 et
1880 4155 2025 4221 facinora
2053 4154 2223 4222 confitenti

1320 4256 1445 4320 donare
1461 4255 1603 4330 ueniam,
1619 4264 1654 4319 et
1671 4253 1902 4337 preteritorum
1918 4256 2093 4320 criminum
2108 4254 2223 4340 culpas

1322 4354 1471 4419 relaxare
1481 4353 1634 4438 digneris,
1645 4353 1701 4436 qui
1713 4351 1859 4420 humeris
1870 4356 1936 4419 tuis
1947 4375 2045 4419 ouem
2057 4357 2223 4438 perditam

1322 4454 1492 4533 reduxisti,
1508 4453 1565 4536 qu'i
1586 4451 1753 4536 publicani
1776 4451 1980 4519 consessione
2001 4454 2152 4538 placatus
2175 4477 2220 4532 es,

1322 4563 1359 4620 tu
1378 4555 1488 4634 etiam,
1512 4553 1655 4629 domine,
1679 4554 1712 4616 in
1736 4552 1832 4618 huius
1855 4553 1970 4619 famuli
2000 4556 2048 4621 tui
2072 4556 2223 4639 precibus

1322 4655 1485 4737 benignus
1511 4655 1640 4736 aspira3
1673 4663 1710 4718 ut
1736 4653 1770 4718 in
1795 4652 1897 4719 flebili
1921 4655 2127 4720 consessione
2148 4676 2222 4739 per·

1324 4754 1454 4827 sistens,
1476 4753 1636 4836 pietatem
1660 4762 1751 4818 tuam
1775 4753 1932 4832 celeriter,
1956 4765 1991 4819 et
2014 4755 2224 4821 indifficulter

1324 4863 1448 4933 exoret,
1460 4873 1499 4918 ac
1515 4853 1615 4918 sacris
1630 4852 1789 4917 altaribus
1800 4847 1864 4938 (et)
1876 4855 2028 4919 misteriis
2043 4857 2223 4936 restitutus,

1322 4961 1453 5018 aetemae
1468 4952 1547 5016 uitae
1561 4953 1688 5036 premia
1703 4963 1931 5035 consequatur.
1977 4954 2038 5018 Per
2048 4953 2069 5018 ¹.

1384 5209 1547 5277 &rationu
1566 5226 1655 5293 uupn
1675 5226 1724 5276 rur
1744 5211 1798 5292 qui
1817 5227 1836 5274 a
1855 5211 2163 5276 tumultuarentur.

1366 5344 1588 5430 Omnipotens
1620 5345 1820 5431 sempiterne
1849 5345 1941 5422 deus,
1971 5354 2067 5430 pater
2095 5347 2222 5412 domini

1323 5445 1426 5510 nostri
1448 5445 1541 5510 ihesu
1564 5444 1685 5521 christi,
1707 5454 1743 5511 te
1765 5444 1929 5529 supplices
1953 5467 2140 5524 exoramus,
2162 5449 2223 5512 im·

1550 5635 1560 5667 ¹
1576 5635 1632 5688 Get
1644 5650 1669 5701 p.
1681 5647 1738 5702 505,
1748 5635 1810 5687 with
1821 5635 1964 5691 rennuens.
