5116 6608
417 551 492 622 260
665 545 846 621 Quaesistis
871 544 1058 630 daimatis.
1661 546 1866 622 acerrumus
1896 545 1963 622 olei.

416 747 604 823 omnipotens
622 755 720 821 eterne
737 744 818 816 deus,
833 762 886 823 per
899 744 1026 804 eundem
1047 743 1159 804 ihesum
1175 743 1313 806 christum
1404 743 1501 818 faeiat
1516 747 1545 804 ei
1554 747 1752 821 exorcismum,
1766 755 1793 807 et
1804 746 1942 806 mmdriat
1958 765 2024 819 eam,
2038 747 2124 822 quasi
2136 747 2269 808 lationem

417 842 506 901 filium
521 849 603 900 tuum
618 841 768 900 dominum
788 850 929 910 nostrum,
944 849 975 898 ut
996 837 1081 898 huius
1102 849 1231 913 creature
1252 840 1316 916 pin·
1408 841 1519 918 legaris.

415 936 572 1012 guedincm
600 933 779 993 sanctificare
807 943 856 992 tua
891 932 1095 992 benedictione
1123 932 1258 1010 digneris,
1287 944 1316 993 et

416 1031 510 1090 sancti
530 1029 645 1107 spiritus
665 1029 691 1087 ei
713 1028 873 1087 admiscere
893 1027 1038 1096 uirtutem,
1061 1039 1237 1104 cooperante
1261 1046 1315 1105 po-

416 1125 507 1184 tentia
518 1123 614 1183 christi
625 1123 685 1195 tui,
706 1122 820 1182 aculus
836 1130 939 1180 sancto
953 1122 1073 1180 nomine
1088 1123 1192 1181 crisma
1206 1140 1316 1181 nomen

415 1219 537 1296 accepit.
580 1215 668 1276 Unde
695 1216 803 1274 unxisti
831 1215 1006 1286 sacerdotes,
1031 1234 1122 1292 reges,
1149 1216 1315 1296 prophetas,

415 1325 445 1372 et
469 1323 616 1389 martyres,
639 1321 670 1369 ut
690 1310 822 1388 spiritalis
846 1310 952 1369 lauacri
973 1311 1119 1386 baptismo
1140 1311 1316 1370 renouandis

416 1417 576 1467 creaturam
601 1405 742 1464 crismatis
767 1405 798 1463 in
825 1413 1038 1464 sacramentum
1063 1404 1190 1482 perfecte
1218 1404 1317 1463 salutis

415 1503 531 1578 uiteque
552 1500 724 1570 confirmes;
747 1509 779 1556 ut
800 1498 1026 1558 sanctificatione
1047 1499 1195 1558 unctionis
1213 1498 1316 1570 infusa,

415 1596 600 1672 corruptione
621 1595 714 1670 prime
735 1593 892 1652 natiuitatis
913 1593 1040 1663 absorta,
1061 1603 1196 1652 sanctum
1217 1594 1316 1652 unius·
2038 1649 2043 1662 ,

414 1691 555 1766 cuiusque
582 1688 723 1766 templum
751 1687 940 1764 acceptabilis
967 1687 1026 1760 uite
1054 1687 1197 1746 innocens
1225 1689 1316 1746 odore
1368 1667 1457 1708 omne
1474 1648 1630 1708 ⁰⁰¹¹s⁰s¹¹m
1644 1659 1673 1708 et
1690 1666 1792 1724 cecum
1808 1648 1953 1710 humma
1966 1649 2135 1721 ‘mmm’
2151 1659 2179 1708 et
2193 1651 2266 1708 effu'

414 1784 584 1853 redolescat,
593 1793 625 1842 ut
638 1781 799 1843 secundum
812 1781 1027 1840 constitutionis
1038 1790 1086 1854 tue
1101 1794 1315 1841 sacramentum
1367 1755 1459 1852 ΒΨ
1480 1752 1509 1802 et
1532 1743 1661 1851 ‘5⁸⁰⁶th
1683 1763 1701 1803 ²
1722 1753 1852 1804 creatura
1872 1743 1958 1802 huius
1981 1743 2038 1850 ⁰‚lei
2059 1743 2102 1850 fd,
2116 1743 2266 1852 qfflimem

1367 1837 1520 1897 hominum
1542 1847 1716 1911 constitum
1737 1847 1769 1896 ut
1790 1837 1839 1896 fiat
1855 1837 1910 1912 hec
1927 1846 2027 1896 unctio
2045 1837 2149 1896 drurms
2171 1857 2266 1898 sacra-

1367 1932 1472 1992 mentis
1493 1932 1644 2009 purificata
1663 1932 1907 2008 inladoptionem
1929 1931 2025 1990 carnis
2044 1940 2073 1990 et
2093 1932 2210 2008 spiritus
2223 1933 2266 1992 eis

1368 2027 1417 2104 qui
1431 2045 1467 2086 cx
1482 2044 1519 2086 eo
1534 2027 1625 2104 ungui
1636 2027 1743 2086 debent
1756 2027 1787 2083 in
1801 2025 2003 2084 remissionem
2018 2027 2151 2084 omnium
2161 2043 2267 2103 pecca-

1367 2131 1480 2194 torum;
1495 2131 1527 2181 ut
1537 2122 1695 2180 efficiantur
1703 2138 1806 2180 eorum
1819 2137 1944 2195 corpora
1958 2119 1996 2178 ad
2010 2136 2130 2178 omnem
2143 2121 2266 2196 gratiam

1367 2215 1524 2293 spiritalem
1546 2216 1748 2293 accipiendam
1770 2213 1957 2273 sanctificata
2002 2212 2057 2272 Per
2070 2214 2197 2273 eundem
2215 2214 2266 2274 do-

1367 2311 1479 2370 minum
1498 2320 1632 2370 nostrum
1649 2309 1765 2369 ihesum
1786 2307 1926 2368 christum
1940 2306 2030 2366 filium
2044 2308 2116 2381 eius,
2130 2309 2181 2386 qui
2195 2327 2268 2369 uen-

1366 2417 1447 2465 turus
1461 2415 1514 2465 est.

1406 2499 1554 2559 Dominus
1567 2498 1729 2557 uobiscum.

1406 2593 1445 2654 Et
1459 2611 1526 2653 cum
1541 2593 1642 2671 spiritu
1656 2602 1716 2652 tuo.

1752 2697 1877 2758 Oranus.

1552 1034 1743 1102 &maumas
1763 1035 1818 1100 aiei
1838 1037 2085 1100 tatrmminataat.

1409 1175 1553 1236 Erorcizo
1566 1188 1603 1248 te,
1615 1188 1745 1236 creatura
1763 1176 1828 1248 olei,
1844 1177 1874 1237 in
1894 1179 2015 1238 nomine
2033 1178 2079 1238 dei
2099 1180 2187 1256 patris
2201 1197 2266 1240 om-

1368 1271 1536 1348 nipotentis,
1550 1282 1579 1331 et
1593 1273 1622 1330 in
1638 1273 1758 1330 nomine
1772 1272 1854 1331 ihesu
1869 1271 1975 1344 christi,
1989 1283 2018 1332 et
2036 1273 2151 1350 spiritus
2166 1275 2266 1346 sancti,

1368 1376 1400 1426 ut
1414 1367 1444 1424 in
1458 1365 1514 1424 hac
1524 1366 1710 1426 inuocatione
1720 1367 1793 1441 trine
1807 1366 1958 1442 potestatis
1970 1376 2055 1444 atque
2066 1367 2152 1426 unius
2163 1368 2266 1428 uirtute

1369 1459 1490 1532 deitatis,
1518 1462 1614 1520 omnis
1648 1461 1827 1538 nequissima
1853 1461 1944 1520 uirtus
1978 1460 2142 1533 aduersarii,
2171 1464 2267 1521 omnis

1368 1554 1525 1613 inueterata
1558 1555 1666 1614 malitia
1693 1555 1809 1626 diaboli,
1837 1555 1934 1614 omnis
1966 1554 2095 1614 uiolenta
2122 1558 2266 1628 occursio,

413 1879 504 1956 regio,
532 1890 561 1937 et
588 1877 768 1946 sacerdotali,
797 1875 1029 1952 propheticoque
1058 1875 1170 1935 honore
1198 1877 1315 1954 pertusi,

413 1973 590 2032 uestimento
608 1971 764 2048 incorrupti
783 1971 911 2028 muneris
931 1970 1095 2043 induantur,
1110 1981 1142 2028 ut
1155 1971 1191 2030 sit
1206 1971 1251 2030 his
1265 1972 1315 2048 qui

413 2067 505 2126 renati
520 2067 624 2126 tuerint
642 2085 678 2126 ex
700 2085 777 2143 aqua
798 2074 827 2123 et
848 2063 947 2141 spln‘tu
969 2074 1071 2123 sancto
1092 2063 1195 2124 crisma
1216 2066 1315 2124 salutis

413 2171 443 2220 et
471 2161 715 2232 sanctificationis,
744 2177 854 2236 eosque
883 2171 981 2233 eterne
1009 2159 1067 2232 uite
1094 2160 1258 2237 participes,
1286 2171 1315 2220 et

414 2255 527 2330 celestis
541 2255 631 2332 glorie
647 2254 735 2314 iacias
749 2272 813 2313 esse
824 2262 987 2312 consortes.
1030 2252 1085 2312 Per
1098 2255 1233 2314 eundem.

438 2525 548 2592 orsus
569 2529 606 2589 ab
627 2528 881 2589 consummassem
901 2524 1047 2589 minantis
1067 2525 1294 2591 trsrutnunnn.

799 2668 925 2729 Oremus.

454 2793 639 2902 D⁰f¹¹i¹¹³t⁰f’
664 2791 782 2851 d⁰mi¹¹⁶
811 2791 892 2864 ‘leus’
907 2809 971 2903 ‚¹⁶3
993 2801 1107 2902 unctu&
1136 2805 1236 2854 ²u⁰t⁰¹
1259 2814 1313 2854 ¹¹¹³·
1406 2825 1497 2894 Deus,
1507 2824 1753 2883 incrementorum
1774 2822 1907 2882 omnium
1929 2829 1957 2880 et
1977 2820 2160 2898 profectuum
2182 2822 2265 2899 spiri-

363 2905 368 2916 .
412 2899 522 2968 guenti,
540 2904 690 2965 speciosus
712 2886 815 2958 torma,
834 2904 997 2963 speciosior
1017 2899 1165 2960 unctione,
1185 2903 1313 2950 sacrator
1366 2921 1465 2979 talium
1486 2929 1693 2988 remunerator,
1709 2919 1758 2994 qui
1779 2919 1885 2976 uirtute
1906 2917 1999 2976 sancti
2021 2915 2137 2993 spiritus
2159 2915 2200 2974 tui
2220 2917 2264 2974 in,

411 2983 653 3062 19⁵⁶t¹¹¹¹⁵’ip⁸e
675 2981 807 3040 omnium
828 2993 1035 3057 ⁰⁰¹¹se⁰f²t⁰¹3
1054 2983 1107 3061 qui
1128 2997 1312 3060 unguentum
1366 3014 1532 3074 becillarum
1554 3012 1695 3072 mentium
1716 3011 1880 3071 rudimenta
1901 3009 2066 3082 confirmas,
2087 3019 2116 3069 te
2137 3027 2264 3082 oramus,

412 3080 449 3140 de
470 3086 613 3156 potestate
635 3075 809 3146 sanctificas,
824 3085 1000 3151 potestatem
1021 3096 1178 3137 consecras
1200 3079 1237 3138 de
1258 3097 1312 3138 un·
1365 3109 1493 3178 domine,
1508 3117 1540 3166 ut
1560 3108 1690 3166 uenturis
1711 3107 1749 3166 ad
1769 3107 1854 3180 beate
1874 3103 2102 3182 regenerationis
2115 3102 2264 3163 lauaem

411 3184 538 3252 guento;
560 3172 597 3231 de
611 3181 762 3247 unguento
777 3169 869 3228 iecisti
883 3171 998 3244 crisma,
1007 3172 1045 3232 de
1056 3173 1189 3232 crismate
1203 3191 1313 3233 nomen
1364 3204 1473 3263 tribuas
1500 3221 1553 3280 per
1579 3202 1751 3261 unctionem
1777 3201 1863 3260 huius
1898 3207 2028 3273 creature
2060 3199 2264 3274 purgationem

411 3269 498 3376 qumi,
512 3278 557 3328 est
581 3285 668 3376 siper
688 3282 926 3374 9P⁰⁶,⁰⁰men3
956 3277 987 3326 ut
1007 3268 1038 3326 in
1059 3269 1179 3375 ¹¹⁰ml¹¹⁶
1200 3269 1256 3327 ΜΟ
1277 3270 1313 3328 Sit
1364 3297 1470 3358 mentis
1479 3307 1508 3356 et
1517 3297 1648 3374 corporis
1655 3317 1665 3369 ;
1679 3306 1711 3355 ut
1722 3297 1746 3356 si
1755 3314 1813 3373 que
1824 3295 1878 3354 illis
1889 3293 2105 3360 aduersantium
2113 3293 2264 3368 spin'tuum

411 3364 515 3440 ΨΜ
529 3372 628 3470 unft¹⁰
645 3361 814 3467 Quam&
857 3359 892 3417 1¹¹
907 3372 958 3421 1¹¹⁰
974 3379 1046 3438 ‘³¹3⁰
1060 3380 1180 3469 ”wne
1194 3363 1244 3421 fiat
1258 3363 1312 3438 hic
1364 3392 1497 3452 inhesere
1511 3391 1624 3465 macule
1639 3390 1677 3451 ad
1689 3400 1797 3450 tactum
1812 3387 1982 3450 sanctificati
1993 3387 2050 3446 olei
2063 3386 2149 3446 huius
2163 3388 2263 3447 absce-

411 3468 556 3564 creaium.
569 3474 627 3514 Μ
658 3472 770 3560 emma?
798 3463 827 3512 ‘t
854 3452 995 3561 bibims
1022 3465 1054 3515 m
1081 3475 1194 3564 ΜΨ
1218 3455 1313 3517 s⁰¹m²
1366 3488 1444 3547 dant.
1480 3485 1586 3546 Nullus
1600 3486 1774 3563 spiritalibus
1788 3485 1924 3562 nequitiis
1937 3483 2019 3542 locus
2031 3501 2040 3554 3
2061 3481 2141 3540 nulla
2155 3481 2263 3558 refugis

411 3569 513 3620 ΜΨ
535 3567 651 3626 mgnum
676 3548 786 3616 smnus’
806 3565 886 3654 ,ὅπη
906 3549 1005 3609 mulus
1028 3549 1181 3616 bellam&
1200 3561 1232 3610 ut
1255 3550 1313 3612 1¹⁰⁰
1365 3581 1517 3640 uirtutibus
1531 3581 1567 3640 sit
1582 3580 1720 3654 facultas;
1743 3579 1821 3638 nulia
1840 3577 2042 3638 insidiantibus
2056 3575 2140 3634 malis
2154 3574 2262 3636 latendi

411 3647 546 3704 crismate
567 3643 727 3702 mulceatur
745 3641 868 3714 auditus,
883 3644 1047 3720 purificetur
1067 3645 1155 3716 uisus,
1174 3646 1312 3705 odoratus
1364 3675 1478 3734 licentia
1498 3674 1694 3751 relinquam
1728 3673 1780 3733 sed
1800 3673 1984 3734 uenientibus
2005 3670 2043 3728 ad
2063 3670 2151 3728 fidem
2173 3670 2263 3729 semis

410 3749 572 3808 suauescat,
585 3747 737 3815 soporetur
748 3733 805 3814 (uel
822 3734 901 3814 sap)
912 3748 1022 3814 gustus,
1037 3747 1131 3798 tactus
1144 3739 1175 3797 in
1189 3739 1312 3798 trinitate
1364 3770 1429 3839 tuis,
1451 3780 1480 3828 et
1508 3769 1601 3828 sancti
1627 3768 1742 3845 spiritus
1763 3768 1805 3826 tui
1827 3766 1997 3845 Operatione
2019 3763 2205 3836 mundandis,
2226 3765 2263 3823 sit

411 3832 520 3892 solidus
531 3833 584 3903 sit;
605 3841 637 3892 ut
650 3830 754 3890 talibus
768 3830 919 3906 stipendiis
931 3832 1043 3890 domini
1058 3833 1162 3894 milites
1173 3834 1310 3904 decorati,
1364 3863 1510 3922 unctionis
1537 3863 1622 3922 huius
1650 3861 1815 3939 preparatio
1843 3861 1920 3920 utilis
1949 3858 1986 3918 ad
2014 3858 2146 3929 salutem,
2174 3877 2262 3936 quam

410 3937 497 4004 atque
525 3927 672 3986 ambmsio
696 3941 760 3982 ¹⁰¹⁶
788 3924 907 3997 madidi’
928 3926 1082 4002 imperanti
1104 3928 1229 3987 semlant
1250 3946 1311 3987 ¹¹⁰⁰
1364 3954 1450 4013 etiam
1472 3953 1585 4028 celestis
1606 3952 1835 4028 regenerationis
1856 3949 2004 4009 natiuitate
2028 3949 2058 4007 in
2082 3958 2262 4008 sacramento

410 4023 553 4093 suadenti,
572 4033 601 4082 ct
622 4019 726 4098 signati
746 4018 804 4078 hoc
825 4019 959 4080 crismate
977 4032 1087 4094 sancto,
1102 4021 1229 4100 signiferi
1247 4041 1311 4082 esse
1364 4057 1431 4106 sum
1465 4047 1647 4124 baptismatis
1681 4046 1820 4124 adepturi·
1863 4044 1919 4104 per
1947 4043 2100 4103 dominum
2131 4052 2262 4103 nostrum

396 4128 574 4174 mereantur
601 4115 740 4190 celestes3
776 4132 829 4190 per
861 4124 898 4186 te,
926 4114 1011 4175 ihesu
1044 4115 1156 4187 christe,
1185 4117 1312 4177 saluator
1362 4121 1477 4201 ihesum
1491 4141 1630 4201 christum
1645 4141 1736 4200 filium
1751 4150 1841 4212 tuum,
1856 4139 1906 4216 qui
1921 4148 2061 4198 uenturus
2075 4147 2128 4197 est,

410 4210 522 4282 mundi,
543 4210 593 4286 qui
613 4209 688 4268 uiuis
715 4217 745 4266 et
772 4225 878 4284 regnas
905 4208 978 4269 deus
1007 4227 1059 4288 per
1082 4211 1183 4271 omnia
1214 4212 1311 4270 secula

411 4303 584 4364 seculorum·
626 4304 732 4364 Amen·
1366 4258 1445 4319 Tunc
1462 4262 1576 4319 domnus
1595 4263 1738 4336 episcopus,
1754 4267 1781 4319 et
1798 4262 1851 4337 qui
1869 4261 1954 4317 riexta
1973 4277 2034 4316 eum
2052 4265 2127 4330 sunt
2144 4259 2264 4317 salutent

1402 4374 1486 4425 eom,·
1507 4363 1534 4413 et
1544 4356 1684 4414 (tescendot
1697 4355 1889 4431 perordinem
1910 4355 1984 4411 sicut
2001 4361 2028 4411 et
2048 4353 2146 4424 altera,
2169 4361 2195 4410 et
2215 4354 2261 4411 de·

408 4423 511 4484 linita
546 4423 730 4492 benedictione,
758 4425 873 4482 doram
906 4424 1044 4500 epsicopus
1073 4422 1181 4481 salutat
1206 4426 1310 4483 crrsnaa
1391 4451 1515 4528 semgar
1542 4451 1666 4508 ommam
1693 4450 1734 4508 ad
1757 4448 1944 4508 salutandum,
1985 4446 2047 4506 His
2076 4450 2118 4506 cta
2139 4449 2261 4524 pernam
2318 4431 2321 4436 ¹

450 4519 561 4589 nudum,
590 4525 617 4576 et
641 4519 768 4576 ministri
790 4521 843 4594 qui
867 4520 952 4576 s'uxta
978 4536 1039 4575 eum
1065 4524 1138 4575 sunt.
1200 4516 1245 4575 Et
1270 4520 1310 4576 ita

448 4613 550 4673 iterum
578 4621 635 4688 per
669 4613 790 4671 ordinem
824 4612 964 4670 descendat
996 4613 1070 4669 sicut
1101 4611 1228 4670 ascendit.
1270 4611 1313 4670 Et

450 4713 550 4764 tenente
573 4706 725 4781 ampullam
750 4706 855 4777 acolito,
878 4707 1022 4782 deseratur
1043 4705 1167 4764 omnibus
1190 4713 1310 4783 cooperta

449 4801 492 4860 ad
512 4799 689 4859 salutandum
708 4811 763 4877 per
786 4801 917 4871 ordinem,
939 4805 973 4856 ut
994 4819 1012 4858 o
1036 4801 1141 4856 marene
1164 4801 1239 4858 nudo
1267 4803 1310 4858 ui-

450 4896 556 4954 deatur.
599 4893 663 4953 Hoc
675 4896 758 4972 facto
778 4912 883 4954 sumum
905 4894 1007 4951 hanon
1027 4900 1205 4969 procuretur,
1227 4913 1311 4971 usque

450 4989 515 5050 dum
543 4989 632 5047 altera
660 4989 784 5064 ampulla
811 4987 963 5056 ascendat,·
992 4992 1019 5045 et
1040 4989 1140 5046 aterum
1161 4989 1309 5062 descendat,

450 5089 484 5143 ut
494 5082 571 5158 ambe
582 5083 731 5161 honorifice
744 5084 786 5142 ad
795 5084 882 5141 torum
896 5101 977 5141 suum
991 5081 1109 5140 redeant.

409 5199 519 5277 Incipit
542 5203 715 5260 exorcismus
738 5201 792 5260 olei
814 5220 867 5278 quo
891 5201 1034 5279 unguendi
1053 5208 1120 5260 sunt
1141 5203 1309 5260 catecumini.

450 5294 630 5356 Descendente
649 5301 737 5353 autem
751 5296 874 5372 ampulla
888 5315 948 5352 cum
964 5295 1098 5366 crismate,
1113 5297 1207 5354 statua
1221 5295 1310 5353 altera

450 5409 511 5447 cum
531 5389 585 5446 oleo
605 5389 833 5448 catecuminorum
853 5395 974 5466 cooperta
994 5390 1124 5448 ascendat
1140 5390 1213 5447 sicut
1227 5391 1310 5466 prim

450 5489 512 5541 ante
530 5485 705 5558 epe'scopurn‚·
725 5488 752 5541 et
765 5483 848 5541 halat
864 5485 895 5541 in
914 5485 1001 5561 ipsam
1019 5487 1068 5555 ter,
1082 5483 1155 5541 sicut
1167 5485 1309 5558 inpriore,

449 5578 499 5637 sed
516 5577 604 5651 tacite,
627 5576 722 5636 adine
743 5596 796 5655 quo
815 5587 905 5656 supra
928 5577 1054 5638 delatam.
1094 5576 1139 5639 Et
1158 5579 1189 5638 in
1208 5579 1311 5658 pruinis

1403 4545 1488 4603 eodem
1512 4545 1611 4602 ordine
1631 4551 1658 4602 et
1679 4545 1769 4602 decore
1793 4562 1845 4620 quo
1868 4543 2049 4601 ascenderant
2069 4543 2100 4600 in
2123 4543 2260 4600 ecclesiam

1403 4639 1516 4696 redeant
1533 4636 1610 4712 ambp
1629 4637 1750 4714 amputlg
1769 4639 1809 4696 ad
1825 4638 1992 4696 sacrarium.
2037 4633 2116 4694 Tunc
2132 4637 2261 4714 poutffex

1404 4733 1479 4790 lauet
1504 4751 1612 4803 monia,
1639 4739 1666 4790 et
1694 4733 1807 4791 diaconi
1831 4733 1939 4790 uadem
1967 4731 2008 4788 od
2030 4731 2127 4802 altare,
2154 4737 2182 4788 et
2205 4731 2262 4789 dis·

1403 4829 1558 4903 cooperiunt
1588 4833 1692 4885 sancta.
1747 4824 1792 4884 Et
1811 4826 1943 4902 pontffex
1971 4827 2081 4884 uene'ens
2108 4825 2149 4882 od
2172 4824 2262 4883 altare

1403 4922 1516 4979 diuidat
1527 4919 1633 4979 oblatas
1646 4921 1894 4999 adfrangendum,
1908 4926 1935 4976 ct
1953 4921 2131 4977 communicet
2142 4919 2261 4996 populus

1403 5015 1491 5074 omnir
1512 5015 1607 5073 ordene
1625 5033 1699 5085 suo,·
1720 5022 1746 5072 et
1763 5022 1858 5074 sumat
1875 5015 1907 5072 de
1927 5016 1996 5090 ipsis
2015 5015 2120 5073 oblatas
2139 5016 2262 5092 integras

1404 5110 1445 5167 ad
1460 5110 1629 5167 cauendum
1649 5127 1732 5186 usque
1752 5129 1831 5168 mone
1851 5109 1910 5166 diei
1922 5119 2084 5184 parasceues
2109 5109 2140 5166 de
2163 5108 2262 5184 qur'bm

1403 5205 1600 5261 communicent
1617 5202 1717 5278 absque
1736 5205 1873 5280 sanguine
1894 5204 2007 5262 domeni.
2049 5200 2177 5280 Sanguis
2196 5221 2261 5262 uero

1402 5297 1493 5355 eadem
1514 5297 1558 5355 die
1571 5299 1685 5373 penetra
1704 5304 1890 5369 consumatur,
1907 5303 1934 5354 et
1950 5298 2024 5355 scola
2045 5298 2134 5357 dr'ci't:
2156 5297 2261 5374 Agnus

1404 5391 1460 5463 dei,
1475 5392 1526 5468 qui
1540 5391 1624 5464 tollis,
1640 5390 1740 5468 absque
1758 5391 1873 5460 osculo,·
1893 5398 1921 5449 et
1937 5394 2156 5450 communiorem.
2197 5391 2261 5451 Do·

1403 5486 1501 5544 minus
1515 5484 1622 5558 ihesus,
1643 5503 1705 5544 cum
1719 5487 1831 5562 psalmo
1851 5500 1876 5544 er
1897 5483 2000 5545 Gloria
2020 5485 2105 5544 Patri.
2144 5483 2262 5545 Fractis

1404 5587 1493 5640 autem
1524 5578 1622 5640 obtatis
1652 5582 1848 5640 communicent
1866 5579 2020 5658 presbiteri
2039 5581 2144 5659 pruno,
2167 5586 2261 5658 postea
