5116 6608
427 595 496 666 242
785 575 975 650 titatium.

826 776 918 840 Alia.

468 901 601 968 Exaudi
624 923 812 986 quesumus,
834 901 977 982 domine,
993 902 1178 986 supplicum
1200 921 1323 985 preces

421 1010 455 1066 et
484 1002 712 1066 confitentium
743 1003 802 1066 tibi
833 1021 931 1086 parce
961 1002 1115 1086 peccatis
1139 1011 1176 1066 ut
1199 1002 1323 1086 pariter

421 1103 517 1166 nobis
531 1101 769 1187 indulgentiam
785 1103 910 1167 tribuas
926 1113 959 1168 et
975 1122 1101 1186 pacem.
1147 1102 1234 1166 Per.t

822 1279 916 1344 Alia.

464 1403 566 1480 Deus,
582 1404 638 1488 qui
655 1405 739 1469 iuste
755 1403 901 1469 irasceris
918 1416 952 1472 et
972 1403 1153 1470 clementer
1168 1406 1319 1490 ignoscis,

420 1503 531 1568 afflicti
557 1505 670 1589 populi
690 1504 840 1570 lacrimas
866 1509 998 1604 respice,
1020 1517 1054 1572 et
1078 1508 1159 1571 iram
1181 1518 1248 1572 tuae
1272 1506 1320 1569 in-

420 1603 622 1686 dignationis
637 1625 738 1688 quam
755 1605 840 1669 iuste
855 1625 1019 1670 meremur
1033 1615 1155 1671 auerte.
1194 1607 1279 1670 Per.t

822 1781 914 1848 Alia.

464 1905 641 1985 Conserua,
658 1927 848 1990 quesumus,
867 1909 1010 1988 domine,
1032 1908 1191 1992 populum
1215 1917 1319 1987 tuum,

420 2014 453 2069 et
483 2006 527 2069 ab
556 2006 709 2069 omnibus
748 2027 829 2089 quas
869 2028 1035 2073 meremur
1065 2009 1320 2074 aduersitatibus

420 2106 521 2170 redde
536 2126 696 2184 securum,
712 2115 758 2183 ut,
769 2107 1006 2190 tranquillitate
1020 2117 1185 2192 percepta,
1197 2110 1320 2173 deuota

419 2205 479 2269 tibi
498 2214 610 2269 mente
625 2205 799 2271 deseruiat.
845 2208 906 2270 Per
920 2209 1090 2272 dominum
1107 2217 1279 2274 nostrunn

820 2373 916 2440 Alia.

462 2496 689 2563 Afflictionem
712 2498 846 2563 familiae
868 2508 944 2576 tuae,
964 2522 1155 2584 quesumus,
1175 2501 1319 2578 domine,

421 2598 557 2662 intende
580 2598 738 2681 placatus,
761 2609 806 2678 ut,
830 2599 959 2665 indulta
980 2601 1077 2665 uenia
1098 2610 1319 2684 peccatorum,

419 2699 462 2761 de
492 2698 558 2761 tuis
592 2717 724 2781 semper
752 2699 857 2763 ueniis
885 2700 1072 2783 gloriemur.
1122 2701 1184 2764 Per
1213 2700 1320 2765 domi·

420 2810 525 2862 num.t
726 2869 729 2874 ,

818 2885 913 2950 Alia.

394 3081 397 3092 ,
463 3011 588 3073 Praesta
617 3009 743 3092 populo
773 3020 840 3089 tun,
866 3012 1008 3087 domine,
1036 3033 1216 3095 quesumus
1243 3034 1319 3078 con·

419 3109 588 3174 solationis
608 3109 790 3188 auxilium;
824 3118 860 3174 ut
886 3111 1048 3175 diuturnis
1075 3111 1320 3177 calamitatibus

419 3209 625 3274 laborantem
663 3209 825 3293 propitius
862 3211 1022 3295 respirare
1059 3213 1211 3278 concede.
1258 3215 1320 3277 Per

418 3309 589 3374 dominum
605 3320 779 3375 nostrum.t
820 3396 886 3460 Al·

870 3419 913 3463 ta.

392 3549 395 3556 ·
461 3519 520 3584 Ab
540 3522 695 3586 omnibus
718 3541 787 3600 nos,
805 3541 995 3604 quesumus.
1014 3524 1158 3599 domine,
1175 3525 1319 3608 peccatis

418 3621 617 3705 propitiatus
645 3620 792 3698 absolue,
820 3632 866 3700 ut,
892 3633 1049 3706 percepta
1076 3625 1175 3688 uenia
1204 3643 1320 3708 pecca·

419 3731 537 3801 torum,
571 3721 682 3786 liberis
718 3723 778 3786 tibi
818 3725 983 3788 mentibus
1020 3725 1211 3789 seruiamus.
1258 3725 1320 3790 Per

419 3822 592 3885 dominum
608 3831 782 3886 nostrum.⁷
821 3909 873 3973 ΑΙ

869 3930 913 3974 ra.

463 4033 659 4117 Quesumus,
689 4035 900 4117 omnipotens
928 4036 1020 4116 deus,
1046 4046 1084 4102 ut
1114 4038 1170 4121 qui
1200 4040 1319 4103 nostris

419 4133 597 4217 fatigamur
622 4133 764 4214 offensis,
787 4143 821 4198 et
847 4136 965 4200 merito
992 4147 1114 4201 nostrae
1138 4138 1319 4220 iniquitatis

418 4231 601 4316 affligimur,
621 4233 756 4317 pietatis
776 4245 833 4316 tue
849 4235 991 4318 gratiam
1014 4237 1171 4320 consequi
1194 4258 1319 4302 merea-

419 4352 501 4397 mur.
547 4333 633 4396 Per.t

820 4420 914 4486 Alia.

462 4541 565 4620 Deus,
589 4544 640 4609 cui
673 4543 842 4627 proprium
872 4557 924 4611 est
954 4547 1098 4612 misereri
1129 4569 1260 4632 semper
1286 4559 1319 4615 et

417 4663 562 4726 parcere,
579 4645 709 4728 suscipe
724 4645 990 4728 deprecationem
1008 4658 1168 4724 nostram,
1184 4658 1218 4714 et
1236 4671 1320 4734 quos

418 4742 614 4808 delictorum
630 4753 747 4810 catena
766 4745 970 4829 constringit,
989 4747 1157 4814 miseratio
1173 4759 1230 4834 tue
1250 4751 1319 4833 pie-

418 4841 497 4906 tatis
512 4844 675 4908 absoluat.
721 4845 806 4908 Perr
836 4921 841 4930 ,

820 4969 913 5036 Alia.

462 5093 606 5174 Exaudi,
618 5095 760 5175 domine,
771 5097 932 5179 populum
944 5105 1039 5161 tuum
1051 5107 1123 5163 tota
1134 5099 1194 5162 tibi
1207 5108 1318 5164 mente

418 5192 623 5273 subiectum;
645 5205 683 5260 ut
697 5215 834 5280 corpore
855 5206 890 5261 et
912 5206 1024 5262 mente
1041 5207 1210 5281 protectus
1228 5199 1318 5283 quod

418 5293 483 5375 piae
497 5294 602 5358 credit
616 5304 674 5359 tua
688 5296 795 5379 gratia
813 5307 1043 5380 consequatur.
1089 5298 1176 5362 Per.t

756 5515 759 5522 ·
822 5468 913 5535 Alia.

464 5586 656 5656 Subiectum
679 5592 748 5670 tibi,
772 5593 915 5674 domine,
938 5594 1099 5679 populum
1125 5594 1318 5680 propitiatio
1341 5653 1345 5684 ,

1730 574 1919 650 manns.

1374 774 1514 840 caelestis
1536 773 1725 857 amplificet,
1742 782 1775 837 et
1797 773 1863 838 tuis
1885 791 2015 856 semper
2033 771 2133 838 saciat
2155 774 2276 838 semite

1374 874 1549 940 mandatis.
1595 874 1680 938 Perr

1765 954 1891 1048 [Alia]

1418 1090 1564 1169 Purifica,
1575 1107 1765 1171 quesumus,
1777 1088 1919 1166 domine,
1931 1097 2063 1152 tuorum
2079 1089 2180 1152 corda
2195 1087 2275 1153 fide-

1373 1190 1470 1270 lium;
1486 1198 1523 1254 ut
1534 1209 1555 1254 a
1566 1199 1696 1252 terrena
1707 1187 1890 1271 cupiditate
1903 1187 2054 1252 mundati
2067 1197 2102 1251 et
2112 1188 2275 1270 presentis

1373 1291 1452 1354 uitae
1474 1287 1627 1373 periculis
1657 1297 1831 1367 exuantur,
1852 1297 1886 1352 et
1908 1287 2076 1372 perpetuis
2099 1287 2195 1353 donis
2221 1287 2275 1350 iir-

1374 1399 1514 1455 mentur.
1559 1389 1648 1453 Per.t

1776 1475 1868 1540 Alia.

1417 1601 1641 1667 Clamantium
1664 1601 1708 1666 ad
1730 1609 1772 1681 te,
1793 1619 1981 1684 quesumus,
1996 1600 2139 1676 domine,
2160 1619 2274 1684 preces

1373 1703 1549 1786 dignanter
1564 1699 1696 1776 exaudi,
1712 1710 1750 1765 ut
1769 1700 1854 1765 sicut
1877 1700 2023 1764 niniuitis
2046 1700 2078 1763 in
2097 1699 2275 1765 afflictione

1373 1801 1489 1885 positis
1519 1799 1703 1884 pepercisti,
1732 1800 1780 1864 ita
1803 1801 1900 1865 nobis
1930 1801 1963 1863 in
1993 1801 2138 1883 presenti
2169 1801 2273 1864 tribu-

1372 1901 1497 1966 latione
1512 1920 1671 1965 succurre.
1717 1899 1803 1963 Ρετ.ν

1774 2063 1869 2127 Alia.

1417 2189 1575 2254 Miserere
1596 2189 1673 2265 iam,
1694 2207 1881 2272 quesumus,
1901 2187 2036 2252 domine
2057 2187 2183 2270 populo
2205 2195 2273 2263 tuo,

1373 2300 1407 2356 et
1437 2289 1600 2354 continuis
1636 2288 1902 2353 tribulationibus
1939 2287 2146 2352 laborantem
2176 2285 2274 2352 celeri

1373 2389 1607 2474 propitiatione
1622 2387 1763 2452 laetifica.
1808 2388 1894 2451 Perr

1762 2533 1887 2626 [Alia]

1414 2663 1599 2743 Auxiliare,
1615 2665 1759 2740 domine,
1778 2663 1991 2748 querentibus
2015 2661 2272 2728 misericordiam

1371 2775 1473 2843 tuam,
1488 2774 1523 2829 et
1539 2766 1582 2829 da
1598 2766 1730 2828 ueniam
1745 2763 1988 2842 confitentibus,
2003 2779 2103 2845 parce
2117 2762 2274 2846 supplici·

1371 2864 1453 2943 bus3
1475 2873 1511 2928 ut
1534 2865 1591 2948 qui
1615 2861 1735 2928 nostris
1758 2864 1884 2927 meritis
1899 2861 2115 2945 flagellamur,
2131 2869 2189 2926 tua
2212 2863 2272 2926 mi-

1371 2965 1537 3029 seratione
1552 2964 1727 3029 saluemur.
1773 2963 1835 3028 Per
1853 2963 2050 3027 dominumr

1775 3125 1868 3190 Alia.

1415 3251 1548 3330 Praesta,
1574 3271 1762 3335 quesumus,
1789 3251 1999 3332 omnipotens
2028 3249 2118 3328 deus,
2147 3259 2185 3314 ut
2215 3251 2272 3333 qui

1371 3352 1452 3415 iram
1475 3362 1542 3416 tuae
1563 3349 1798 3434 indignationis
1820 3350 2017 3432 agnouimus
2040 3349 2272 3414 misericordia

1371 3461 1438 3516 tuae
1452 3451 1695 3535 indulgentiam
1710 3469 1961 3532 consequamur.
2007 3449 2093 3514 Per.l

1774 3599 1866 3664 Alia.

1414 3727 1678 3792 Tribulationem
1714 3736 1870 3804 nostram,
1903 3745 2091 3809 quesumus,
2125 3727 2272 3802 domine,

1370 3829 1532 3911 propitius
1547 3829 1691 3911 respice;
1707 3836 1740 3891 et
1753 3827 1833 3891 iram
1845 3837 1912 3891 tuae
1924 3825 2159 3908 indignationis
2171 3846 2272 3909 quam

1371 3929 1455 3992 iuste
1472 3947 1637 3992 meremur
1651 3928 1850 4012 propitiatus
1865 3935 1988 3990 auerte.
2034 3927 2120 3992 Per.t

1771 4088 1865 4155 Alia.

1415 4215 1614 4300 Quesumus,
1644 4216 1856 4298 omnipotens
1887 4216 1979 4292 deus,
2009 4215 2121 4280 afflicti
2158 4217 2272 4300 populi

1371 4317 1523 4381 lacrimas
1539 4316 1672 4400 respice,
1684 4323 1719 4379 et
1731 4316 1814 4379 iram
1826 4324 1882 4398 tue
1897 4315 2134 4398 indignationis
2149 4326 2273 4394 auerte,

1372 4417 1479 4498 utqui
1496 4424 1624 4480 reatum
1648 4425 1759 4497 nostre
1776 4415 1975 4481 infirmitatis
1989 4417 2199 4500 agnoscimus
2214 4427 2273 4481 tua

1371 4515 1596 4580 consolatione
1611 4515 1797 4580 liberemur.
1844 4515 1930 4579 Pera

1771 4679 1855 4744 Alia
1875 4727 1883 4742 .

1416 4807 1550 4882 Praesta,
1573 4673 1995 4889 quesumus,[omnlpotens
2017 4806 2110 4882 deus,
2129 4814 2166 4868 ut
2188 4823 2273 4888 quos

1370 4907 1496 4971 offensa
1511 4915 1633 4971 nostrae
1649 4927 1709 4989 per
1723 4905 1857 4990 flagella
1872 4905 2103 4990 cognoscimus
2117 4915 2183 4970 tuae
2194 4925 2273 4970 con·

1370 5006 1542 5071 solationis
1556 5007 1698 5090 gratiam
1714 5005 1905 5071 sentiamus.
1951 5007 2038 5070 Pera

1700 5219 1702 5224 .
1773 5167 1866 5234 Alia.

1413 5295 1467 5360 Ne
1482 5295 1653 5379 despicias
1666 5293 1876 5376 omnipotens
1891 5295 1983 5370 dene,
1999 5292 2160 5376 populum
2176 5299 2272 5356 tuum

1370 5393 1405 5457 in
1430 5394 1609 5460 afflictione
1639 5394 1839 5460 clamantem
1851 5416 1859 5473 ;
1890 5393 1949 5458 sed
1974 5402 2111 5477 propter
2131 5391 2272 5475 gloriam

1371 5495 1513 5558 nominis
1536 5495 1583 5560 tui
1607 5489 1914 5582 tribulantibus(tis)
1936 5513 2089 5559 succurre
2111 5492 2273 5577 placatus.

1371 5595 1457 5660 Per!
