5122 6610
457 635 526 726 184
810 633 985 710 tumultu.

815 898 895 964 iltoot
912 899 981 964 ulia.

498 1048 643 1114 Domine
655 1049 745 1126 deus,
755 1049 812 1133 qui
826 1050 870 1115 ad
885 1048 947 1114 hoc
959 1048 1105 1114 irasceris
1117 1057 1154 1114 ut
1168 1047 1353 1127 subuenias,

453 1148 571 1215 adhoc
584 1150 716 1214 minaris
728 1159 765 1215 ut
776 1168 900 1233 parcas,
910 1149 1188 1214 intercedentibus
1200 1148 1353 1213 omnibus

453 1249 575 1314 sanctis
586 1247 660 1322 tuis,
670 1249 772 1332 lapsis
785 1269 919 1313 manum
931 1248 1068 1332 porrige,
1082 1258 1116 1315 et
1128 1247 1353 1312 laborantibus

453 1347 625 1433 multiplici
656 1348 865 1414 miseratione
893 1368 1051 1427 succurre,
1078 1358 1116 1414 ut
1144 1348 1201 1430 qui
1230 1368 1290 1431 per
1318 1356 1353 1413 te

452 1459 530 1513 sunt
544 1449 715 1532 redempti,
730 1449 774 1514 ad
789 1469 882 1533 spem
897 1449 977 1515 uitae
998 1457 1121 1513 aeteme
1142 1456 1199 1513 tua
1223 1446 1353 1512 moder·

453 1547 565 1615 atione
580 1548 758 1614 saluentur.
804 1549 866 1614 Per
874 1547 897 1609 ¹.

854 1724 948 1789 Alia

497 1849 600 1926 Deus,
616 1850 672 1934 qui
694 1851 908 1915 contritorum
932 1869 997 1914 non
1019 1849 1159 1933 despicis
1180 1851 1351 1934 gemitum,

453 1960 488 2016 et
514 1951 709 2016 merentium
735 1970 802 2014 non
831 1950 1015 2031 aspernaris
1043 1949 1210 2026 affectum,
1236 1949 1353 2014 adesto

452 2050 604 2134 precibus
619 2050 747 2126 nostris,
760 2070 842 2132 quas
857 2050 972 2133 pietati
985 2058 1051 2114 tuae
1066 2070 1126 2134 pro
1140 2050 1353 2115 tribulatione

454 2159 567 2214 nostra
588 2148 764 2224 offerimus,
788 2148 1002 2233 implorantes
1028 2159 1065 2214 ut
1091 2170 1151 2215 nos
1173 2150 1353 2214 clementer

452 2249 621 2331 suscipias,
644 2257 679 2313 et
701 2248 772 2314 solo
794 2247 953 2313 bonitatis
982 2259 1049 2314 tuae
1073 2250 1193 2314 intuitu
1215 2248 1351 2325 tribuas,

452 2349 607 2430 quatinus
636 2349 791 2432 quicquid
824 2358 938 2415 contra
971 2370 1032 2415 nos
1061 2349 1223 2431 diabolice
1251 2357 1352 2430 atque

451 2445 596 2512 humane
624 2449 848 2513 admoliuntur
883 2450 1100 2515 aduersitates
1132 2448 1175 2513 ad
1213 2447 1351 2512 nibilum
1399 2501 1403 2511 .

452 2547 592 2630 redigas,
625 2558 661 2613 et
691 2548 828 2614 consilio
857 2548 1087 2615 misericordiae
1116 2557 1184 2612 tuae
1213 2547 1351 2625 allidas3

453 2667 520 2730 quo
542 2647 639 2712 nullis
660 2649 914 2714 aduersitatibus
938 2649 1017 2727 laesi,
1032 2649 1091 2712 sed
1115 2648 1158 2712 ab
1180 2646 1270 2712 omni
1293 2647 1351 2711 tri·

451 2747 621 2813 bulatione
651 2759 685 2813 et
716 2750 869 2832 angustia
900 2748 1039 2824 liberati,
1069 2748 1192 2832 gratias
1226 2745 1288 2811 tibi
1318 2745 1351 2809 in

452 2846 591 2913 ecclesia
610 2857 668 2912 tua
686 2847 865 2913 referamus
880 2847 947 2932 leti.
993 2849 1065 2912 Per.

837 3035 977 3101 Secreta.

499 3159 675 3241 Sacrificia,
689 3161 833 3242 domine,
851 3181 926 3227 cunr
949 3160 1096 3228 ecclesiae
1117 3161 1268 3246 precibus
1292 3162 1352 3226 im-

453 3261 619 3340 molanda,
641 3282 826 3344 quesumus,
849 3262 950 3328 corda
971 3270 1082 3327 nostra
1105 3261 1285 3346 purificent,
1307 3270 1352 3338 et,

453 3361 730 3428 intercedentibus
742 3363 894 3427 omnibus
911 3363 1033 3427 sanctis
1048 3362 1122 3437 tuis,
1139 3361 1352 3445 indulgentiae

453 3471 521 3526 tuae
543 3460 638 3525 nobis
660 3462 748 3526 dona
770 3461 954 3538 concilient,
971 3470 1005 3527 et
1026 3462 1070 3526 de
1091 3461 1238 3528 aduersis
1259 3481 1352 3545 pros·

454 3581 533 3645 pera
551 3561 673 3627 sentire
688 3559 819 3626 faciant.
865 3561 935 3625 Per.

813 3755 985 3838 Proesatr'o.

500 3879 545 3946 U.
561 3878 606 3944 D.
621 3888 743 3946 aeterne
758 3881 851 3947 deus.
898 3881 964 3966 Qui
980 3881 1190 3966 fragilitatem
1205 3892 1352 3948 nostram

457 3999 524 4045 non
535 3978 642 4044 solum
652 3980 903 4046 misericorditer
912 3979 1058 4069 donis(b)
1067 3978 1353 4068 temporalibus(a)

456 4079 643 4159 consolaris,
659 4091 695 4145 ut
710 4101 769 4145 nos
784 4081 827 4146 ad
845 4090 970 4146 aetema
984 4081 1157 4166 prouehas,
1171 4083 1230 4146 sed
1251 4081 1352 4147 etiam

456 4179 536 4264 ipsis
554 4180 808 4245 aduersitatibus
829 4180 930 4263 seculi
944 4182 1104 4265 benignus
1126 4181 1243 4259 erudis,
1258 4189 1295 4245 ut
1309 4183 1352 4246 ad

457 4278 604 4345 caelestia
614 4299 714 4364 regna
724 4281 893 4364 perducas.
917 4281 980 4346 Per
990 4280 1148 4346 christum
1159 4279 1353 4348 dominum².

756 4449 821 4514 Ad,
828 4449 1056 4535 complendum.

501 4563 596 4649 Quos
626 4583 760 4630 munere
788 4563 912 4630 caelesti
947 4564 1062 4642 reficis,
1088 4563 1230 4646 domine,
1256 4565 1355 4633 inter·

456 4664 649 4731 cedentibus
682 4665 835 4729 omnibus
866 4666 989 4730 sanctis
1018 4667 1091 4744 tuis,
1120 4665 1233 4730 diuino
1262 4676 1356 4732 tuere

456 4765 609 4850 presidio,
624 4772 661 4828 ut
679 4765 744 4827 tuis
766 4763 919 4829 misteriis
933 4765 1144 4848 perfruentes,
1160 4765 1257 4830 nullis
1277 4766 1353 4831 sub·

457 4865 576 4930 damur
589 4862 746 4928 aduersis.
792 4861 884 4930 Per³.

854 5049 946 5114 Alia.

502 5161 653 5238 Dimitte,
666 5163 800 5229 domine
811 5163 902 5242 deus,
914 5171 1051 5248 peccata
1066 5173 1189 5237 nostra,
1202 5173 1236 5230 et
1250 5164 1357 5230 tribue

458 5263 553 5327 nobis
569 5262 824 5328 misericordiam
836 5272 938 5342 tuam,
949 5263 1078 5346 orisque
1094 5265 1197 5328 nostri
1211 5263 1357 5347 alloquio

459 5360 653 5444 deprecatus
683 5371 827 5426 nostram
852 5362 998 5426 adtende
1026 5361 1258 5440 humilitatem,
1285 5365 1357 5428 uin·

459 5458 534 5523 cula
563 5460 663 5538 solue,
686 5461 808 5526 delicta
838 5461 920 5537 dele,
947 5461 1194 5526 tribulationem
1224 5462 1355 5546 inspice,

492 5673 680 5742 ¹fflpffl.

810 5675 1007 5744 'Zfflma
1137 5677 1324 5745 ⁸fflpffl.

1517 630 1648 705 tlouua
1665 625 1874 719 obloquentes.
1927 629 1973 702 liu
1988 625 2185 702 mnuutioru.

1408 827 1644 894 aduersitatem
1676 827 1807 913 repelle,
1833 824 2103 914 a(e)isectumque
2134 827 2303 912 petitionis

1405 938 1526 994 nostrae
1541 929 1661 1014 iugiter
1674 937 1708 994 et
1724 927 1903 995 clementer
1917 929 2049 994 exaudi.
2096 928 2168 992 Per.

1631 1230 1744 1307 Μίκκα
1760 1237 1860 1298 mutos
1877 1233 2075 1315 obloquentes.

1449 1383 1572 1462 Presta,
1602 1402 1788 1465 quesumus,
1819 1383 1961 1461 domine,
1992 1392 2030 1448 ut
2063 1380 2223 1448 mentium
2253 1401 2304 1448 re·

1403 1483 1581 1566 probomm
1603 1503 1668 1547 non
1691 1503 1841 1548 curemus
1866 1483 2068 1566 obloquium,
2096 1483 2155 1547 sed
2185 1483 2304 1547 eadem

1403 1581 1568 1666 prauitate
1589 1581 1723 1660 calcata,
1750 1602 1936 1661 exoramus,
1960 1592 1997 1646 ut
2019 1601 2079 1646 nec
2104 1581 2217 1648 terreri
2242 1601 2303 1646 nos

1403 1680 1655 1745 lacerationibus
1669 1683 1805 1765 patiaris
1823 1683 1959 1761 iniustis,
1975 1701 2037 1745 nec
2053 1681 2208 1764 captiosis
2222 1682 2304 1746 adu·

1404 1780 1581 1846 lationibus
1603 1781 1771 1864 implicari,
1786 1781 1846 1847 sed
1869 1781 1979 1865 potius
1997 1799 2110 1846 amare
2132 1800 2207 1863 quae
2229 1800 2301 1865 pre-

1405 1880 1495 1964 cipis.
1542 1874 1663 1968 [Pen]t

1783 1965 1922 2032 Secreta.

1449 2090 1597 2172 Oblatio,
1621 2091 1763 2172 domine,
1786 2093 1852 2158 tuis
1875 2091 2063 2177 aspectibus
2087 2092 2301 2182 immolanda,

1404 2211 1592 2274 quesumus,
1606 2201 1643 2256 ut
1665 2201 1699 2258 et
1716 2212 1776 2256 nos
1798 2192 1842 2257 ab
1864 2193 2019 2258 omnibus
2040 2191 2129 2257 uitiis
2150 2200 2303 2276 potenter

1403 2291 1564 2370 absoluat,
1591 2299 1625 2356 et
1653 2311 1675 2356 a
1706 2292 1831 2357 cunctis
1860 2291 2019 2358 defendat
2048 2291 2196 2357 inimicis.
2241 2291 2304 2356 Per

1404 2393 1599 2457 dominum.t

1705 2477 1767 2541 Ad
1777 2475 2004 2561 complendum.

1449 2605 1581 2680 Praesta,
1597 2602 1744 2680 domine,
1759 2623 1946 2687 quesumus,
1963 2612 1999 2669 ut
2020 2624 2079 2688 per
2098 2603 2170 2668 baec
2187 2612 2303 2670 sancta

1403 2724 1478 2787 quae
1500 2704 1708 2788 sumpsimus,
1730 2702 1941 2768 dissimulatis
1966 2702 2219 2768 lacerationibus
2239 2705 2301 2766 irn-

1404 2803 1591 2887 proborum,
1607 2803 1733 2880 eadem,
1745 2811 1780 2866 te
1794 2801 2006 2886 gubernante,
2021 2824 2097 2886 quae
2112 2813 2201 2868 recta
2216 2811 2301 2878 sunt,

1404 2904 1532 2969 cautius
1547 2922 1779 2987 exsequamur.
1824 2902 1910 2968 Per.t

1666 3194 1780 3270 ffllsaa
1798 3195 1830 3259 iu
1847 3195 2033 3261 castrutium.

1448 3346 1670 3431 Omnipotens
1699 3347 1896 3430 sempiterne
1936 3347 2026 3425 deus,
2060 3345 2117 3430 qui
2152 3348 2302 3430 superbis

1405 3447 1537 3520 resistis,
1568 3457 1603 3512 et
1631 3447 1771 3530 gratiam
1801 3457 1938 3530 praestas
1967 3446 2153 3522 humilibus,
2184 3448 2301 3526 tribue,

1404 3567 1592 3630 quesumus,
1607 3556 1645 3613 ut
1663 3567 1730 3611 non
1753 3547 2013 3630 indignationem
2034 3557 2127 3611 tuam
2142 3567 2301 3630 prouoce-

1405 3667 1478 3710 mus
1501 3647 1590 3725 elati,
1606 3647 1666 3712 sed
1681 3646 1921 3730 propitiationis
1943 3656 2010 3713 tuae
2024 3647 2192 3731 capiamus
2213 3649 2303 3713 dona

1405 3746 1552 3814 subiecti.
1598 3746 1659 3812 Per
1672 3748 1844 3813 dominum
1859 3756 2032 3812 nostrumr

1785 3921 1926 3988 Secreta.

1448 4035 1506 4100 Ab
1521 4033 1613 4100 omni
1628 4042 1719 4099 reatu
1736 4053 1805 4112 nos,
1820 4034 1963 4108 domine,
1975 4019 2089 4100 saricta
2103 4054 2169 4118 que
2183 4043 2304 4099 tracta-

1406 4156 1479 4201 mus
1504 4135 1687 4214 absoluant,
1710 4143 1744 4199 et
1770 4133 1888 4198 eadem
1911 4134 2059 4199 muniant
2081 4155 2103 4199 a
2124 4136 2225 4199 totius
2248 4131 2304 4220 (ab

1405 4231 1510 4321 omni)
1520 4234 1692 4319 prauitatis
1703 4233 1841 4298 incursu.
1865 4232 1927 4297 Per
1939 4232 2110 4298 dominum
2120 4244 2293 4300 nostrum.t

1706 4407 1768 4472 Ad
1781 4406 2011 4492 compkndum.

1450 4535 1544 4620 Quos
1576 4533 1725 4608 refecisti,
1754 4533 1896 4609 domine,
1927 4533 2051 4599 caelesti
2087 4532 2304 4622 mysterioia),

1406 4636 1545 4720 propriis
1575 4644 1610 4699 et
1638 4632 1761 4710 alienis,
1786 4653 1973 4715 quesumus,
1999 4633 2135 4698 absolue
2164 4635 2303 4710 delictis,

1406 4747 1443 4801 ut
1456 4737 1569 4800 diuino
1581 4752 1716 4798 munere
1726 4731 1904 4815 purificatis
1917 4732 2083 4798 mentibus
2091 4733 2303 4818 perimamur.

1408 4837 1493 4901 Peru

1559 5026 1672 5102 ffltsss
1690 5028 1789 5089 contra
1806 5023 1912 5089 tontum
1929 5024 2004 5088 malr
2021 5030 2152 5104 unmtrs.

1452 5160 1610 5228 Ecclesia
1621 5167 1698 5235 tuae,
1710 5157 1852 5236 domine,
1863 5176 1977 5241 preces
1991 5158 2140 5242 placatus
2154 5159 2306 5238 admitte,

1408 5271 1454 5340 ut,
1470 5260 1644 5328 destructis
1660 5257 1914 5325 aduersitatibus
1934 5258 2100 5336 uniuersis,
2115 5279 2228 5326 secura
2246 5262 2306 5327 tibi

1409 5363 1531 5427 semiat
1547 5359 1710 5425 libertate.
1756 5356 1841 5422 Per.t

1787 5532 1926 5598 Secreta.

1454 5659 1595 5743 Protege
1613 5678 1683 5740 nos,
1697 5659 1841 5736 domine,
1856 5677 2043 5742 quesumus,
2061 5657 2126 5725 tuis
2145 5661 2310 5745 mysteriis
