5148 6612
587 605 632 678 ln
657 606 861 696 tmtptattnnt.

276 800 381 861 factum
400 800 508 861 inuidia
526 800 634 860 diaboli
656 821 674 862 a
695 802 840 880 paradyso
861 800 1005 862 deiectum
1026 801 1104 862 unici
1125 802 1175 862 lilii

276 897 316 954 tui
331 895 443 955 domini
455 895 547 956 nostri
561 895 643 955 ihesu
658 895 756 956 christi
771 897 913 973 sanguine
924 897 1069 957 redemisti
1081 896 1175 956 homi·

276 1009 352 1062 nem,
366 989 472 1050 exaudi
486 1008 534 1049 me
548 998 613 1050 toto
627 990 715 1050 corde
730 1001 849 1069 totaque
864 1002 962 1051 mente
978 1001 1005 1049 te
1022 989 1175 1050 dominum

275 1085 476 1145 uniuersorum
500 1084 687 1145 inuocantem
712 1103 766 1163 pro
789 1104 837 1145 me
866 1084 975 1146 famulo
1003 1095 1063 1156 tuo,
1088 1086 1118 1144 in
1146 1094 1175 1143 te

275 1180 369 1239 solum
384 1177 570 1240 defensorem
591 1189 621 1238 et
640 1190 835 1257 protectorem
857 1198 960 1240 uerum
982 1179 1070 1238 deum
1091 1197 1175 1256 spem

274 1274 440 1333 habentem.
463 1271 549 1332 Mitte
559 1271 630 1332 mihi
644 1274 784 1334 auxilium
799 1275 835 1335 de
851 1274 920 1336 celis
935 1284 963 1333 te
978 1272 1174 1351 deprecand0,

274 1379 361 1445 teque
384 1366 563 1428 inuocando.
605 1366 654 1427 Da
674 1368 873 1429 fortitudinem
895 1368 932 1427 ad
956 1367 1107 1427 inimicum
1130 1385 1174 1426 re-

274 1462 447 1538 spuendum.
490 1461 620 1523 Subueni
652 1463 720 1541 pius
748 1482 786 1523 ne
821 1480 1001 1523 consensum
1035 1462 1174 1540 prebeam

273 1557 348 1617 illius
372 1556 562 1636 suggestioni.
605 1556 676 1617 Non
702 1559 852 1636 permittas
876 1575 934 1629 me,
958 1555 1086 1628 domine,
1111 1573 1175 1614 am·

273 1652 348 1728 plius
369 1652 610 1730 temptationibus
630 1653 747 1712 concuti
772 1670 861 1728 quam
882 1651 1022 1711 sustinere
1041 1667 1173 1727 possum.

273 1746 320 1806 Da
341 1745 412 1805 mihi
433 1747 526 1806 sancti
547 1746 662 1825 spiritus
684 1747 836 1817 feruorem,
852 1755 883 1804 ut
898 1745 1089 1804 aduenientes
1104 1763 1173 1821 cog-

274 1859 394 1900 noscam
423 1840 625 1920 cogitationes,
647 1849 677 1901 et
705 1842 840 1918 cognitas
868 1857 885 1898 a
913 1857 961 1898 me
988 1839 1174 1898 inimiconrm

274 1934 392 1995 insidias
414 1935 678 2012 temptationesque
699 1935 837 2012 repellam
859 1944 891 1994 ut
912 1935 963 1994 tibi
983 1933 1014 1991 in
1036 1933 1173 1993 omnibus

275 2030 375 2090 diebus
389 2029 448 2104 uite
462 2047 536 2104 mee,
551 2030 693 2108 placeam.
735 2028 799 2089 Per.

376 2186 471 2246 Lectio
483 2188 591 2264 epistole
605 2187 629 2247 fi.
637 2188 726 2265 pauli
736 2188 855 2264 aposloli
865 2189 906 2246 ad
916 2184 1068 2246 romanos¹.

313 2295 436 2367 Fratres,
456 2295 565 2354 scimus
586 2294 683 2372 quod¹
703 2294 750 2353 lex
772 2294 905 2371 spiritalis
926 2301 980 2364 est,
998 2310 1055 2369 ego
1075 2304 1173 2352 autem

273 2389 394 2450 carnalis
418 2407 484 2449 sum
508 2389 693 2476 uenundatus
717 2391 772 2449 sub
799 2398 932 2466 peccato.
974 2385 1066 2460 Quod
1094 2388 1173 2446 enim

274 2503 378 2562 operor
402 2502 464 2543 non
488 2483 628 2559 intelligo.
669 2482 740 2542 Non
763 2484 843 2542 enim
865 2482 947 2559 quod
967 2481 1038 2541 uolo
1061 2480 1173 2540 bonum

274 2578 329 2639 hoc
349 2595 418 2654 ago,
439 2576 492 2638 sed
514 2577 597 2655 quod
612 2577 682 2638 odi⁸
702 2577 774 2636 illud
795 2577 880 2636 facio.
923 2575 953 2635 Si
975 2585 1073 2635 autem
1092 2576 1172 2652 quod

275 2673 343 2732 nolo
370 2671 441 2732 illud
469 2670 554 2745 facio,
577 2671 731 2732 consentio
758 2671 817 2748 legi
844 2673 986 2748 quoniam
1013 2670 1093 2729 bona
1120 2680 1172 2730 est.

273 2767 359 2828 Nunc
378 2777 476 2827 autem
496 2767 556 2825 iam
576 2767 658 2826 non*
671 2783 779 2845 operor
792 2766 871 2837 illud,
888 2766 940 2825 sed
961 2765 1043 2841 quod
1063 2765 1173 2824 habitat

272 2863 302 2921 in
328 2880 377 2922 me
404 2872 566 2938 peccatum.
614 2860 682 2922 Scio
709 2862 789 2920 enim
806 2862 885 2938 ¹quia
915 2878 976 2919 non
1004 2859 1114 2919 habitat
1142 2860 1172 2918 in

272 2975 326 3028 me,
341 2956 399 3016 hoc
417 2965 462 3015 est
481 2956 512 3015 in
526 2973 612 3016 carne
626 2973 702 3030 mea,
718 2956 837 3016 bonum.
878 2953 956 3014 Nam
971 2953 1046 3012 uelle
1060 2953 1173 3014 adiacet

272 3051 349 3124 mihi,
378 3050 517 3130 perficere
545 3060 643 3110 autern
671 3051 784 3111 bonum
813 3067 874 3108 non
903 3048 1021 3108 inuenio
1032 3047 1052 3106 ⁵.
1092 3048 1172 3108 Con·

273 3145 400 3206 delector
413 3145 491 3204 enim
505 3145 562 3222 legi
577 3145 624 3205 dei
639 3145 802 3206 secundum
823 3143 990 3204 interiorem
1011 3142 1172 3202 hominem.

272 3237 367 3300 Uideo
376 3251 473 3300 autem
485 3239 572 3298 aliam
582 3239 678 3317 legem
690 3240 720 3298 in
729 3239 869 3298 membris
878 3237 950 3297 meis
960 3247 1172 3314 repugnantem

271 3333 327 3410 legi
349 3334 455 3393 mentis
476 3351 551 3407 mee,
572 3343 601 3393 et
623 3334 820 3411 captiuantem
841 3350 889 3391 me
911 3333 943 3391 in
963 3331 1029 3409 lege
1049 3331 1172 3410 peccati,

273 3447 329 3506 que
342 3438 387 3488 est
400 3429 431 3487 in
446 3428 585 3487 membris
605 3427 687 3488 meis.
730 3427 836 3487 Infelix
858 3444 915 3504 ego
929 3425 1030 3495 homo,
1044 3427 1110 3502 quis
1124 3444 1172 3486 me

271 3520 400 3582 liberabit
423 3523 461 3582 de
486 3539 608 3600 corpore
636 3521 739 3582 mortis
768 3521 873 3580 huiusi
915 3519 1016 3580 Gratia
1045 3519 1091 3579 dei
1120 3538 1172 3598 per

270 3615 383 3676 ihesum
397 3615 537 3676 christum
552 3614 706 3676 dominum
720 3625 863 3676 nostnrm.

313 3709 467 3771 Graduale.
510 3708 659 3787 Dirigatur
672 3711 766 3770 oratio
785 3727 853 3769 mea
874 3710 948 3769 sicut
966 3708 1119 3767 incensum
1141 3709 1171 3766 in

271 3816 429 3882 conspectu
443 3814 504 3875 tuo,
519 3803 646 3864 domine.

318 3899 348 3958 V.
382 3898 517 3958 Eleuatio
541 3916 662 3959 manum
690 3916 822 3959 mearum
851 3896 1025 3958 sacrificium
1053 3914 1171 3973 uesper·

271 3994 370 4053 tinum.
402 3993 504 4052 Aenia.

316 4087 347 4146 V.
374 4086 422 4147 De
435 4085 588 4166 profundis
599 4085 725 4146 clamaui
739 4087 777 4147 ad
791 4096 829 4159 te,
841 4084 969 4158 domine,
978 4084 1107 4158 domine,
1120 4104 1169 4144 ex·

269 4183 335 4243 audi
348 4199 456 4242 uocem
469 4200 575 4242 meam

572 4329 729 4392 Secundum
742 4333 833 4390 haam
842 4331 861 4391 ⁸.

309 4441 345 4500 ln
365 4439 415 4500 illo
435 4450 569 4517 tempore
587 4439 659 4498 dixit
680 4439 779 4499 ihesus
800 4439 839 4499 ad
855 4436 1000 4515 quosdam
1014 4437 1064 4513 qui
1084 4436 1115 4494 in
1137 4453 1169 4496 se

269 4534 456 4597 confidebant
478 4545 629 4612 tamquam
654 4534 728 4606 iusti,
752 4543 782 4594 et
805 4533 1035 4612 aspernabantur
1055 4539 1169 4605 ceteros

267 4630 436 4709 parabolam
456 4629 553 4689 istam.
595 4628 664 4688 Duo
685 4629 820 4688 homines
841 4626 1037 4688 ascenderunt
1050 4625 1081 4684 in
1095 4636 1168 4684 tem-

268 4725 348 4804 plum
373 4735 406 4784 ut
426 4733 553 4797 orarent,
571 4739 650 4782 unus
669 4721 828 4801 phariseus,
845 4733 874 4782 et
895 4721 966 4781 alter
986 4707 1167 4798 publicanus.

268 4819 421 4880 Phasiseus
449 4827 530 4879 stans
557 4818 613 4893 hec
641 4817 721 4896 apud
749 4834 780 4876 se
806 4818 910 4876 orabat
930 4816 1032 4875 dicens
1040 4813 1060 4887 ⁷,
1085 4815 1166 4886 deus,

266 4914 372 4993 gratias
393 4930 451 4991 ago
472 4913 524 4972 tibi
541 4913 610 4989 quia
631 4929 692 4971 non
713 4929 779 4971 sum
800 4911 873 4970 sicut
894 4909 982 4971 ceteri
1003 4907 1166 4981 hominum,

265 5019 405 5088 raptores,
426 5006 533 5078 iniusti,
556 5006 685 5076 adulteri,
707 5005 786 5065 uelut
806 5005 894 5064 etiam
915 5003 964 5063 hic
984 5002 1165 5080 publicanus.

266 5101 370 5163 ieiuno
384 5101 430 5162 bis
449 5103 481 5160 in
500 5101 624 5161 sabbato
634 5120 643 5174 ς
665 5100 794 5160 decimas
816 5099 855 5158 do
877 5098 1011 5158 omnium
1025 5115 1083 5174 que
1097 5114 1166 5174 pos-

266 5197 356 5258 sideo.
405 5195 445 5256 Et
479 5196 653 5274 publicanus
681 5213 700 5254 a
725 5193 814 5271 longe
845 5201 935 5266 stans,
963 5190 1083 5251 nolebat
1112 5208 1166 5251 nec

265 5293 367 5352 oculos
381 5292 420 5351 ad
439 5289 536 5365 celum
556 5288 662 5360 leuare,
677 5287 730 5348 sed
748 5288 928 5365 percutiebat
948 5297 1049 5365 pectus
1071 5304 1165 5357 suurn,

265 5387 374 5458 dicens,
389 5385 472 5457 deus,
489 5383 632 5461 propitius
652 5393 716 5443 esto
733 5381 804 5440 mihi
819 5381 977 5460 peccatori.
1018 5378 1096 5441 Dico
1114 5398 1165 5440 au·

293 5561 538 5625 'Romamn-25.
566 5557 721 5624 'Vulquia
752 5558 968 5611 'an.÷rnalnm.
999 5555 1164 5623 ⁴Vu1.÷ego.

263 5641 274 5670 ⁸
291 5641 394 5706 Vul.÷3
406 5655 497 5692 vasu.
598 5637 609 5668 ⁸
622 5637 683 5688 Luc.
694 5638 764 5692 xviii.
775 5651 848 5706 9-14.
947 5635 958 5666 l
974 5637 1033 5688 Vul.
1045 5652 1091 5686 om.

1482 608 1552 700 ἳβιο
1578 608 1659 683 titis
1685 619 1713 682 rt
1738 609 1879 684 mauis.
2086 631 2126 682 11

1229 806 1307 863 tem¹
1322 806 1427 879 uobis3
1444 805 1595 866 descendit
1617 806 1664 867 hic
1681 806 1851 867 iustificatus
1865 807 1895 866 in
1910 807 2033 867 domum
2047 826 2130 868 suam

1228 899 1336 972 abillo,
1352 901 1420 978 quia
1440 901 1538 960 omnis
1552 901 1602 979 qui
1624 919 1655 960 se
1676 901 1783 961 exaltat
1804 899 2015 974 humiliabitur;
2038 903 2131 980 etqui

1228 1011 1260 1053 se
1274 993 1405 1054 humiliat
1418 995 1598 1055 exaltabitur.

1272 1086 1462 1167 Offertorticm.
1497 1088 1623 1161 Exaudi,
1638 1089 1720 1162 deus,
1734 1091 1896 1151 orationem
1911 1109 2017 1151 meam.

1621 1221 1741 1282 Secreta.

1269 1329 1416 1403 Hostiam,
1439 1329 1566 1403 domine,
1590 1349 1680 1409 quam
1707 1332 1759 1390 tibi
1787 1349 1843 1408 pro
1867 1349 1915 1390 me
1939 1330 2050 1392 famulo
2078 1342 2129 1392 tuo

1226 1423 1320 1484 offero
1348 1424 1477 1485 clemens
1505 1426 1651 1503 suscipere
1680 1426 1809 1504 digneris
1837 1437 1866 1486 et
1893 1425 2129 1487 benedictionem

1227 1519 1320 1578 sancti
1342 1519 1459 1596 spiritus
1478 1519 1520 1579 tui
1539 1520 1693 1596 dignanter
1707 1519 1848 1598 perfunde
1869 1519 1941 1581 mihi
1962 1539 2047 1580 seruo
2068 1531 2129 1594 tuo,

1226 1623 1256 1673 et
1269 1612 1467 1674 intercedente
1478 1631 1532 1690 pro
1546 1633 1594 1673 me
1606 1623 1709 1674 sancto
1725 1614 1867 1676 michaele
1877 1615 2054 1693 archangelo
2068 1624 2128 1687 tuo,

1227 1718 1256 1766 et
1269 1708 1356 1767 beata
1369 1719 1398 1768 et
1412 1708 1539 1785 gloriosa
1553 1726 1726 1786 semperque
1746 1709 1860 1786 uirgine
1879 1710 1978 1783 maria,
1993 1721 2022 1770 et
2036 1712 2128 1771 beatis

1227 1802 1366 1878 apostolis
1383 1802 1439 1864 tuis
1460 1813 1543 1880 petro
1558 1814 1587 1862 et
1602 1803 1699 1881 paulo,
1714 1813 1743 1863 et
1757 1805 1890 1864 omnium
1906 1807 2028 1865 cateruis
2043 1824 2128 1865 sanc-

1227 1905 1330 1967 torum,
1360 1907 1549 1976 peccatorum
1582 1916 1717 1957 meonrm
1750 1899 1883 1958 omnium
1918 1898 2128 1976 indulgentiam

1227 1993 1327 2066 tribue,
1342 2005 1372 2055 et
1385 1994 1614 2054 misericordiam
1633 1995 1737 2072 largire
1758 1995 1829 2055 mihi
1850 1995 1959 2056 famulo
1981 2005 2031 2056 tuo
2042 2016 2050 2070 ;
2072 1997 2128 2072 hec

1226 2087 1335 2164 petenti
1349 2105 1403 2166 pro
1413 2099 1464 2148 tua
1478 2092 1584 2167 pietate
1601 2090 1745 2161 miserere,
1759 2101 1790 2149 ut
1802 2091 1909 2168 dignus
1923 2091 2029 2152 efficiar
2042 2091 2128 2152 huius

1226 2186 1371 2245 seruitutis
1386 2187 1519 2264 sacrique
1537 2187 1673 2264 mysterii,
1684 2197 1717 2246 ut
1731 2187 1812 2265 quod
1826 2198 1863 2260 te,
1875 2188 1948 2248 deus
1962 2189 2128 2250 clementis.

1226 2279 1309 2352 sime,
1318 2278 1467 2358 deprecor,
1478 2280 1549 2340 mibi
1564 2282 1712 2356 concedas
1722 2299 1777 2361 pro
1792 2293 1843 2342 tua
1856 2283 1962 2361 pietate
1976 2284 2127 2361 propitius.

1226 2371 1290 2432 Per.

1606 2455 1745 2536 Presattb.

1267 2561 1304 2622 U.
1322 2562 1359 2623 D.
1376 2573 1483 2626 aeteme
1497 2564 1578 2625 deus.
1624 2563 1685 2638 Qui
1706 2567 1789 2626 iustis
1809 2577 1907 2644 presto
1928 2585 1960 2626 es
1982 2565 2126 2644 supplica·

1225 2658 1362 2733 tionibus,
1377 2660 1513 2720 miserere
1530 2659 1601 2720 mihi
1618 2659 1729 2720 famulo
1744 2668 1796 2720 tuo
1809 2661 1888 2720 mala
1903 2679 1969 2721 mea
1981 2661 2126 2739 preterita,

1226 2754 1476 2832 cogitationesque
1507 2755 1733 2832 temptationum
1765 2755 1929 2834 iniquarum
1967 2755 2126 2829 confitenti,

1225 2847 1317 2908 hostis
1327 2849 1417 2926 iniqui
1432 2849 1584 2910 suasiones
1595 2849 1773 2927 insidiasque
1785 2850 1889 2927 procul
1900 2868 1985 2919 ame,
1997 2850 2126 2923 domine,

1226 2961 1280 3020 pro
1294 2953 1344 3002 tua
1357 2945 1465 3021 pietate
1479 2941 1595 3022 repelle,
1608 2962 1647 3004 ne
1661 2961 1839 3004 consensum
1858 2947 1999 3022 prebeam
2019 2963 2126 3022 sugge-

1224 3039 1307 3112 renti,
1322 3056 1360 3097 ne
1379 3056 1497 3115 superer
1517 3038 1555 3098 ab
1576 3038 1751 3111 aduersario,
1773 3058 1812 3100 ne
1832 3040 2017 3100 inoboediens
2034 3056 2126 3117 appa·

1224 3150 1304 3192 ream
1318 3133 1466 3211 preceptis
1479 3133 1544 3205 tuis,
1559 3132 1630 3192 dum
1644 3133 1696 3192 tibi
1714 3135 1856 3194 confiteor
1869 3135 1927 3195 deo
1944 3151 2014 3194 meo
2028 3134 2124 3192 interi-

1224 3244 1276 3286 ora
1298 3228 1394 3288 cordis
1418 3227 1477 3287 mei
1498 3227 1528 3285 in
1549 3236 1684 3305 tempore
1704 3227 1904 3300 tribulationis,
1925 3247 1981 3289 nec
2002 3229 2033 3287 in
2053 3229 2125 3287 hora

1224 3321 1318 3382 exitus
1332 3322 1430 3396 anime
1444 3339 1510 3397 mee
1523 3322 1560 3382 de
1575 3340 1700 3400 corpore
1715 3324 1854 3383 iudicium
1868 3322 2124 3402 contemplationis

1224 3433 1292 3475 cum
1306 3415 1468 3477 infidelibus
1481 3416 1639 3495 recipiam3
1662 3418 1724 3488 sed,
1738 3419 1804 3497 pius
1818 3429 1848 3477 et
1861 3417 2025 3477 misericors
2040 3415 2123 3487 deus,

1223 3528 1279 3587 pro
1309 3510 1365 3570 hac
1400 3528 1510 3588 pugna,
1538 3509 1732 3590 laborumque
1760 3513 1927 3583 certamine,
1955 3511 2124 3589 fatigatione

1224 3622 1343 3683 quoque
1356 3605 1471 3674 mentis,
1481 3622 1580 3664 coram
1596 3616 1624 3665 te
1638 3605 1763 3683 gloriam
1777 3625 1846 3666 cum
1861 3605 1968 3666 sanctis
1983 3616 2012 3665 et
2025 3604 2124 3666 electis

1223 3699 1279 3758 tuis
1293 3699 1458 3778 percipiam.
1502 3698 1559 3759 Per
1571 3699 1711 3759 christum
1725 3699 1887 3760 dominum.

1266 3791 1435 3854 Commumb.
1476 3792 1577 3852 Unam
1591 3793 1690 3872 petiia
1704 3793 1836 3855 domino.

1542 3925 1596 3986 Ad
1603 3927 1797 4004 complendum.

1263 4031 1380 4094 Gratias
1401 4033 1454 4093 tibi
1476 4034 1601 4112 agimus,
1621 4034 1811 4112 omnipotens
1835 4044 1943 4095 aeteme
1965 4033 2045 4105 deus,
2067 4053 2122 4111 pro

1222 4129 1395 4187 sacramenti
1421 4127 1506 4188 huius
1534 4128 1673 4200 satietate,
1699 4146 1802 4205 preces
1830 4145 1949 4206 quoque
1976 4128 2122 4205 supplices

1221 4221 1324 4294 fundo,
1344 4232 1378 4282 ut
1396 4237 1446 4282 me
1467 4220 1607 4283 famulum
1630 4232 1712 4281 tuum
1733 4223 1772 4281 ab
1792 4222 1874 4282 omni
1895 4222 1983 4300 culpa
1998 4221 2121 4283 liberum

1222 4335 1286 4378 esse
1307 4316 1463 4389 concedas,
1478 4318 1529 4376 ut*
1543 4317 1593 4394 qui
1613 4315 1755 4376 fideliter²
1776 4326 1805 4376 et
1823 4334 1875 4394 per
1889 4334 1996 4393 corpus
2009 4326 2039 4377 et
2053 4335 2120 4376 san-
2228 4386 2234 4400 ι

1221 4413 1340 4488 guinem
1355 4409 1466 4472 domini
1487 4411 1578 4470 nostri
1599 4409 1682 4472 ihesu
1702 4410 1802 4471 christi
1819 4429 1882 4470 non
1900 4412 1980 4470 sinas
1993 4429 2051 4483 me,
2066 4411 2119 4470 do-

1221 4507 1310 4578 mine,
1327 4506 1365 4565 ad
1385 4505 1505 4583 propria
1524 4504 1602 4564 mala
1622 4505 1733 4577 reuerti,
1748 4505 1800 4564 sed
1821 4523 1860 4564 ne
1880 4504 2034 4582 plusquam
2055 4523 2119 4564 sus-

1221 4601 1312 4660 tinere
1338 4617 1463 4679 possum
1490 4599 1640 4677 permittas
1669 4618 1718 4660 me
1748 4599 1891 4678 temptari,
1920 4598 1973 4659 sed
2005 4599 2119 4658 mittere
2172 4662 2175 4670 ,

1220 4694 1348 4772 digneris
1369 4694 1507 4772 angelum
1528 4704 1619 4766 tuum,
1634 4694 1683 4770 qui
1704 4710 1753 4753 me
1767 4694 1805 4753 ab
1818 4693 1900 4752 omni
1920 4693 1999 4753 malo
2020 4703 2118 4753 custo·

1219 4789 1287 4863 diat,
1301 4789 1406 4861 uisitet,
1417 4797 1447 4848 et
1460 4787 1607 4860 defendat,
1621 4789 1695 4848 etin
1709 4806 1799 4866 opere
1818 4788 1899 4848 bono
1913 4787 2074 4859 confirmet,
2089 4797 2118 4846 et

1219 4883 1249 4942 in
1263 4882 1401 4961 operibus
1416 4882 1621 4943 mandatorum
1634 4893 1751 4943 tuorum
1765 4881 1898 4942 deducat
1940 4881 2003 4941 Per.

1324 5010 1436 5086 Μίκκα
1455 5013 1600 5091 pernulis
1620 5012 1756 5076 timeant
1777 5015 1804 5075 tt
1824 5016 2013 5074 cummium.

1259 5117 1370 5178 Pietate
1391 5127 1441 5176 tua
1461 5135 1629 5196 quesumus,
1650 5117 1779 5188 domine,
1798 5125 1964 5176 nostrorum
1985 5114 2117 5173 omnium

1219 5211 1302 5272 solue
1321 5211 1438 5271 uincula
1459 5211 1640 5282 delictorum,
1654 5221 1684 5270 et
1703 5209 1900 5284 intercedente
1921 5210 2007 5268 beata
2027 5209 2118 5268 maria

1218 5325 1333 5384 semper
1350 5306 1472 5383 uirgine,
1488 5307 1628 5383 omnique
1648 5304 1747 5378 celesti
1766 5304 1870 5362 uirtute
1880 5322 1889 5376 3
1910 5321 1946 5362 ac
1965 5303 2119 5378 beatorum

1217 5400 1452 5479 patriarcharum,
1474 5398 1691 5477 prophetarum,
1712 5396 1924 5475 apostolorum,
1949 5407 2115 5474 martyrum,

1218 5495 1428 5565 confessorum,
1436 5493 1789 5570 uirginum,omniumque
1798 5501 1965 5552 sanctorum
1974 5492 2118 5569 precibus,

1738 5639 1749 5670 ¹
1764 5638 1861 5692 Dotted
1872 5645 1986 5692 as'error.

1753 5742 1776 5795 C
1795 5743 1814 5793 2

1347 5643 1357 5674 ¹
1375 5625 1433 5694 vut
1444 5659 1489 5693 om.
