5124 6608
446 589 494 677 '96

735 589 890 675 Quieto
916 589 1054 676 §unna

560 786 707 854 Oramus.
751 789 820 855 Hic
840 759 903 854 noir
915 790 1099 874 flectuntur
1111 812 1232 874 genua.

490 899 714 983 Omnipotens
735 903 936 985 sempiterne
951 905 1042 980 deus,
1059 903 1118 986 qui
1134 905 1234 968 etiam
1252 903 1344 968 iuda·

446 998 530 1064 icam
554 1001 727 1083 perfidiam
750 1023 770 1066 a
792 1011 851 1067 tua
874 1003 1098 1068 misericordia
1121 1023 1188 1067 non
1203 1003 1344 1086 repellis,

445 1100 567 1164 exaudi
597 1121 710 1182 preces
743 1111 871 1166 nostras
901 1123 985 1185 quas
1016 1123 1075 1186 pro
1105 1102 1193 1166 illius
1229 1103 1343 1188 populi

444 1200 658 1265 obcecatione
684 1201 869 1276 deferimus,
893 1211 930 1267 ut
956 1203 1071 1286 agnita
1098 1203 1247 1268 ueritatis
1278 1212 1344 1267 tuae

444 1298 526 1372 luce,
550 1320 617 1382 que
639 1299 779 1365 christus
803 1310 861 1379 est,
883 1321 904 1365 a
922 1303 989 1366 suis
1011 1302 1157 1367 tenebris
1180 1312 1343 1367 eruantur.

445 1398 508 1461 Per
523 1400 690 1464 eundem.t

489 1497 652 1564 OREMUS
673 1509 707 1564 et
727 1519 787 1583 pro
810 1500 958 1583 paganis,
973 1509 1010 1566 ut
1031 1500 1112 1566 deus
1134 1502 1343 1585 omnipotens

443 1597 570 1663 auferat
589 1599 800 1682 iniquitatem
816 1621 836 1664 a
851 1602 1006 1665 cordibus
1022 1621 1145 1678 eorum,
1162 1611 1205 1677 et,
1222 1603 1343 1668 relictis

443 1698 539 1761 idolis
552 1699 626 1774 suis,
638 1709 872 1763 conuertantur
882 1701 925 1764 ad
936 1702 1035 1764 deum
1047 1702 1158 1764 uiuum
1173 1710 1206 1765 et
1219 1722 1342 1780 uerum,

444 1807 478 1863 et
493 1799 627 1863 unicum
642 1796 747 1862 filium
764 1800 834 1864 eius
850 1799 978 1863 ihesum
1001 1800 1170 1877 christum,
1186 1802 1285 1866 deum
1308 1793 1343 1866 et

442 1898 615 1962 dominum
631 1908 789 1973 nostrum,
806 1918 882 1962 cum
898 1919 964 1982 quo
986 1900 1069 1965 uiuit
1084 1910 1117 1965 et
1134 1911 1250 1984 regnat
1266 1921 1342 1965 cum

442 1999 558 2081 spiritu
570 2007 686 2063 sancto
695 1998 777 2062 deus
788 2018 846 2081 per
854 2000 965 2064 omnia
977 2000 1099 2065 saecula
1109 2000 1330 2065 saeculorum.t

819 2135 966 2201 Oremus.

486 2244 710 2332 Omnipotens
725 2250 925 2332 sempiterne
938 2251 1029 2330 deus,
1045 2251 1101 2335 qui
1118 2271 1183 2316 non
1200 2259 1341 2315 mortem

440 2356 664 2430 peccatorum,
687 2350 746 2413 sed
769 2351 874 2415 uitam
896 2371 1028 2433 semper
1043 2352 1188 2435 inquiris,
1211 2351 1342 2433 suscipe

440 2447 603 2529 propitius
629 2449 814 2513 orationem
847 2459 1003 2529 nostram,
1031 2458 1065 2514 et
1090 2451 1194 2514 libera
1221 2471 1277 2514 eos
1299 2450 1343 2514 ab

441 2546 604 2610 idolorum
617 2547 753 2625 cultura,
767 2559 800 2612 et
812 2550 958 2632 adgrega
970 2549 1115 2633 ecclesiae
1131 2560 1197 2615 tuae
1210 2559 1342 2629 sanctae,

440 2647 484 2711 ad
514 2646 648 2712 laudem
680 2657 714 2713 et
743 2648 883 2730 gloriam
913 2649 1056 2714 nominis
1085 2649 1144 2713 tui.
1190 2647 1252 2714 Pe'r
1282 2649 1340 2714 do·

442 2746 567 2810 minum
577 2745 614 2810 ¹³

439 2858 530 2924 Istas
550 2858 711 2924 orationes
732 2858 878 2942 expktas,
901 2858 1133 2943 ingrediunmr
1153 2860 1283 2926 diaconi
1307 2861 1342 2926 in

481 2961 636 3035 sacrario,
652 2969 685 3023 et
695 2959 874 3042 procedunt
889 2980 962 3023 cum
983 2969 1110 3043 corpore
1130 2956 1259 3025 domini
1272 2961 1343 3026 sine

483 3061 559 3124 uino
587 3071 774 3137 consecrato,
800 3059 887 3142 quod
913 3060 1018 3125 altera
1042 3060 1097 3124 die
1123 3063 1290 3138 remansit,
1311 3072 1344 3125 et

478 3169 605 3240 ponunt
616 3169 714 3242 super
727 3160 833 3226 altare
846 3170 878 3223 et
894 3160 978 3224 dicit
989 3160 1137 3225 sacerdos
1142 3159 1162 3226 ².

821 3296 967 3362 Oremus.

485 3409 652 3492 Preeeptis
666 3409 866 3474 salutaribus
887 3412 1013 3491 moniti,
1030 3421 1063 3476 et
1079 3410 1192 3476 diuina
1208 3410 1339 3476 institu-

439 3509 530 3574 tione
557 3510 689 3575 formati
715 3512 875 3575 audemus
897 3512 1014 3587 dicere,
1039 3512 1137 3576 Pater
1159 3521 1279 3588 noster,
1302 3521 1340 3575 ut

437 3618 547 3691 sopra.

530 3721 583 3784 Et
603 3720 742 3786 adorata
762 3742 854 3786 cruce
874 3722 1106 3787 communicent
1124 3742 1240 3787 omnes.

730 3933 773 3999 lin
793 3935 914 3998 subiato
932 3939 1043 3999 sonno.

739 4067 922 4131 Benedictzb
941 4066 1034 4132 cerei.

482 4189 667 4255 Exusrar
696 4206 766 4256 mu
797 4206 987 4257 nnoasrcn
1019 4205 1153 4266 aunan,
1185 4192 1339 4258 exultent

437 4288 550 4355 diuina
574 4293 739 4373 mysteria,
755 4302 789 4357 et
809 4312 869 4374 pro
892 4293 975 4357 tanti
999 4293 1084 4375 regis
1102 4293 1238 4356 uictoria
1258 4294 1340 4358 tuba

437 4389 566 4454 intonet
585 4391 747 4456 salutaris.
789 4390 943 4456 Gaudeat
964 4413 1000 4455 se
1015 4391 1113 4455 tellus
1135 4393 1237 4456 tantis
1256 4393 1339 4456 inra-

436 4490 528 4553 diata
550 4488 740 4572 fulgoribus,
757 4500 790 4556 et
806 4493 919 4555 aeterni
936 4493 1020 4575 regis
1043 4492 1218 4574 splendore
1239 4493 1339 4556 inlus·

437 4598 524 4653 trata
546 4591 648 4654 totius
670 4591 759 4654 orbis
782 4611 817 4654 se
839 4592 960 4656 sentiat
982 4592 1132 4655 amisisse
1154 4591 1338 4674 caliginem.

437 4687 587 4753 Laetetur
602 4699 636 4754 et
652 4700 757 4755 mater
773 4689 909 4754 ecclesia
930 4691 1013 4754 tanti
1029 4691 1162 4754 luminis
1178 4693 1339 4755 adornata

436 4788 628 4872 fulgoribus,
641 4799 674 4853 et
685 4789 814 4873 magnis
826 4790 1022 4873 populorum
1033 4791 1169 4856 uocibus
1179 4791 1251 4855 haec
1263 4792 1339 4856 aula

469 4979 668 5032 ’mem

468 5055 478 5085 ¹
489 5060 548 5108 Post
555 5059 602 5122 hec,
611 5051 715 5109 adorato
725 5066 811 5109 sancta
822 5075 899 5114 cruce,
907 5065 931 5108 ct
942 5059 1047 5123 reposito
1058 5060 1087 5109 in
1096 5060 1143 5109 Ioco
1154 5061 1230 5121 solito,
1241 5061 1339 5111 uariam

434 5135 484 5185 duo
494 5137 625 5188 sacerdotes
636 5137 724 5186 induti
732 5137 831 5198 casulis,
844 5137 958 5202 deserant
967 5145 1043 5202 super
1051 5139 1133 5188 altare
1143 5145 1231 5203 corpur
1241 5139 1340 5190 domini

434 5215 502 5278 quod
514 5223 643 5264 seruatum
659 5223 700 5266 est.
734 5217 772 5265 Et
788 5215 877 5264 mixtis
895 5216 924 5264 in
940 5217 1014 5266 calice
1030 5217 1092 5267 uino
1108 5223 1132 5266 et
1145 5233 1213 5282 aqrra
1229 5217 1339 5284 lumficet

433 5293 855 5353 mmmwafflwmm

625 5371 738 5432 oremus,
753 5372 875 5436 preceptis
886 5371 1036 5422 salutaribus
1047 5373 1144 5424 moniti.

462 5443 601 5508 Finitaque
608 5447 719 5496 oratione
727 5447 860 5506 dominico,
869 5446 937 5496 dicat
945 5448 991 5496 sub
1001 5448 1108 5507 silentio,
1118 5447 1208 5498 Libera
1216 5462 1268 5508 nos,
1278 5463 1336 5514 que·

434 5535 526 5580 sumus,
538 5521 646 5572 domine.
679 5526 762 5588 Atque
772 5525 915 5589 subiungur,
930 5524 977 5574 Per
991 5525 1076 5575 omnia
1089 5526 1173 5576 secula
1187 5526 1332 5578 seculomm.

435 5597 473 5646 Et
483 5598 630 5662 ni'chilplus
640 5601 729 5660 dr'cens,
743 5601 828 5650 mittat
838 5602 867 5651 in
881 5603 979 5652 calicem
987 5604 1142 5667 parricidam
1153 5603 1275 5654 dominici
1284 5619 1334 5654 cor·
1366 5665 1369 5672 Ι

429 5675 508 5739 poris,
519 5678 680 5728 communia!
685 5677 714 5728 'sc
723 5679 814 5744 ipsum,
827 5680 914 5731 deinde
924 5681 993 5732 afros.
1008 5681 1041 5731 Y.

1681 595 1836 683 §abbati
1862 599 2001 686 §uuna

1399 794 1546 861 resultet.
1592 795 1815 881 Quapropter,
1830 798 2041 864 adstantibus
2061 798 2165 876 uobis,
2181 799 2299 867 fratres

1398 893 1590 976 charissimi,
1614 898 1657 962 ad
1682 906 1753 962 tam
1776 898 1893 962 miram
1916 899 2021 964 sancti
2043 898 2142 964 huius
2163 901 2298 966 luminis

1397 992 1590 1076 claritatem,
1607 1018 1673 1061 uua
1696 1018 1835 1077 mecum,
1851 1018 1963 1082 queso,
1985 998 2039 1063 dei
2060 999 2298 1084 omnipotentis

1397 1094 1652 1160 misericordiam
1683 1095 1844 1162 inuocate.
1898 1097 1948 1163 Ut
1971 1098 2027 1182 qui
2048 1119 2102 1163 me
2123 1119 2190 1164 non
2214 1103 2297 1166 meis

1397 1194 1523 1258 meritis
1549 1195 1636 1259 intra
1663 1192 1837 1262 leuitarum
1861 1217 2035 1262 numerum
2060 1197 2218 1282 dignatus
2245 1210 2297 1266 est

1396 1293 1586 1378 adgregare,
1609 1295 1743 1360 luminis
1765 1297 1815 1360 sui
1837 1299 1945 1381 gratia
1967 1296 2170 1377 infundente,
2201 1302 2296 1366 caerei

1395 1391 1492 1458 huius
1514 1394 1647 1460 laudem
1662 1393 1801 1478 implere
1820 1396 1993 1481 precipiat,
2016 1396 2133 1462 Ihesus
2154 1397 2296 1464 christus

1395 1492 1549 1559 dominus
1572 1503 1693 1570 noster,
1721 1494 1777 1578 qui
1808 1495 1890 1561 uiuit
1918 1505 1953 1561 et
1979 1507 2095 1580 regnat
2124 1518 2200 1563 cum
2231 1500 2296 1564 deo

1394 1602 1498 1677 patre,
1517 1595 1551 1658 in
1569 1595 1698 1660 unitate
1720 1594 1854 1678 spiritus
1875 1595 1980 1661 sancti
2002 1597 2085 1662 deus
2107 1618 2168 1681 per
2181 1599 2295 1664 omnia

1394 1692 1504 1758 secula
1519 1693 1726 1760 saeculorum.
1771 1692 1909 1759 Amen.t

1438 1791 1624 1857 Dominusl
1640 1793 1818 1858 uobiscum.
1856 1795 1901 1858 R.
1918 1795 2054 1860 Etcum
2070 1797 2186 1881 spiritu
2203 1805 2262 1862 tuo
2272 1797 2293 1864 ¹.

1438 1891 1577 1958 Sursum
1593 1894 1704 1958 corda.
1747 1893 1792 1958 R.
1818 1894 1992 1960 Habemus
2007 1896 2051 1960 ad
2066 1897 2250 1963 dominum.

1438 1990 1590 2057 Gratias¹
1607 2013 1745 2076 agamus
1760 1993 1897 2059 domino
1913 1996 1977 2060 deo
1992 2005 2115 2062 nostro.
2147 1997 2193 2060 R.
2209 1996 2293 2082 Dig-

1313 2135 1316 2142 ·
1393 2111 1472 2156 uum
1489 2103 1523 2158 et
1538 2093 1661 2158 iustum
1677 2101 1728 2158 est
1737 2091 1758 2158 ¹.

1436 2191 1524 2257 Vere
1547 2193 1625 2275 quia
1648 2192 1786 2276 dignum
1809 2201 1843 2258 et
1865 2193 1989 2259 iustum
2009 2204 2069 2271 est,
2092 2195 2292 2262 inuisibilem

1394 2290 1494 2356 deum
1534 2292 1809 2375 omnipotentem,
1846 2305 1985 2376 patrem,
2016 2294 2188 2380 filiumque
2223 2297 2292 2362 eius

1394 2392 1609 2474 unigenitum,
1625 2393 1796 2456 dominum
1813 2403 1962 2458 nostrum
1978 2394 2107 2460 ihesum
2122 2396 2291 2476 christum,

1394 2512 1469 2555 cum
1485 2501 1601 2557 sancto
1622 2493 1747 2576 spiritu,
1762 2502 1835 2558 toto
1858 2493 1966 2558 cordis
1981 2515 2020 2559 ac
2037 2497 2157 2561 mentis
2171 2496 2291 2562 affectu

1394 2599 1428 2655 et
1455 2593 1546 2656 uocis
1572 2592 1764 2675 mynisterio
1788 2613 1974 2675 personare.
2020 2593 2087 2678 Qui
2114 2616 2175 2679 pro
2196 2597 2291 2662 nobis

1392 2700 1517 2756 aetemo
1529 2694 1614 2776 patri
1626 2694 1699 2757 adae
1712 2691 1862 2756 debitum
1874 2693 1981 2772 soluit,
1994 2704 2028 2759 et
2039 2695 2160 2760 ueteris
2172 2696 2291 2778 piaculi

1393 2793 1580 2857 cautionem
1597 2792 1653 2876 pio
1667 2812 1781 2857 cruore
1796 2792 1942 2858 detersit.
1996 2793 2082 2860 Haec
2104 2806 2181 2860 sunt
2202 2797 2289 2861 enim

1392 2891 1476 2956 festa
1495 2891 1673 2975 paschalia,
1688 2891 1721 2954 in
1737 2891 1858 2975 quibus
1882 2913 1978 2958 uerus
2001 2893 2056 2958 ille
2078 2914 2185 2979 agnus
2205 2897 2292 2961 occi·

1392 2990 1489 3068 ditur,
1528 2992 1664 3075 eiusque
1701 2991 1861 3074 sanguine
1898 3001 2013 3075 postes
2048 3005 2289 3061 consecrantur.

1393 3088 1479 3155 Haec
1509 3111 1578 3156 nox
1609 3100 1661 3156 est
1690 3091 1725 3155 in
1751 3112 1817 3175 qua
1839 3092 1982 3175 primum
2005 3103 2118 3177 patres
2151 3104 2289 3169 nostros,

1392 3190 1477 3254 filios
1498 3190 1618 3255 israhel
1643 3191 1781 3256 eductos
1804 3191 1847 3255 de
1869 3203 2014 3275 aegypto,
2029 3192 2136 3276 quos²
2152 3192 2291 3277 postea²

1390 3311 1481 3355 mare
1496 3292 1631 3355 rubrum
1646 3291 1733 3355 sicco
1749 3291 1889 3372 uestigio
1904 3291 2042 3358 transire
2058 3292 2175 3357 fecisti.
2204 3293 2289 3359 Haec

1389 3390 1489 3473 igitur
1503 3411 1572 3456 nox
1589 3399 1640 3455 est
1651 3410 1725 3473 quae
1740 3400 1952 3472 peccatorum
1968 3392 2123 3457 tenebras
2138 3392 2290 3476 columne

1388 3489 1637 3555 inluminatione
1653 3491 1815 3574 purgauit.
1863 3489 1947 3556 Haec
1963 3510 2033 3555 nox
2048 3502 2099 3557 est
2113 3491 2213 3558 hodie
2230 3513 2290 3577 per

1388 3591 1576 3655 uniuersum
1612 3591 1774 3654 mundum
1812 3591 1845 3654 in
1875 3589 2031 3656 christum
2069 3593 2240 3658 credentes
2268 3612 2289 3656 a

1389 3689 1477 3753 uitiis
1499 3689 1611 3754 saeculi
1633 3700 1824 3774 segregatos
1846 3699 1881 3755 et
1905 3691 2045 3776 caligine
2067 3701 2288 3775 peccatorum,

1388 3790 1496 3854 reddit
1510 3790 1634 3872 gratiae,
1650 3791 1756 3856 sociat
1778 3790 1954 3856 sanctitati
1999 3789 2084 3855 Haec
2105 3813 2175 3856 nox
2190 3800 2241 3857 est
2255 3792 2290 3856 in

1389 3909 1455 3971 qua
1469 3889 1647 3954 destructis
1667 3890 1808 3954 uinculis
1824 3890 1949 3966 mortis,
1966 3888 2106 3954 christus
2120 3890 2164 3955 ab
2179 3891 2289 3956 inferis

1389 3989 1495 4054 uictor
1509 3989 1667 4054 ascendit.
1712 3988 1804 4054 Nihil
1827 3989 1916 4053 enim
1938 3989 2033 4053 nobis
2056 3989 2145 4055 nasci
2167 3990 2290 4073 profuit

1390 4088 1451 4152 nisi
1467 4089 1583 4153 redimi
1602 4088 1787 4171 profuisset.
1819 4088 1850 4155 Ο
1867 4090 1948 4153 mira
1963 4089 2047 4154 circa
2063 4110 2124 4155 nos
2138 4101 2205 4155 tuae
2220 4092 2289 4174 pie·

1390 4189 1468 4252 tatis
1483 4186 1650 4272 dignatio!
1690 4188 1722 4254 Ο
1737 4189 1975 4253 inaestimabilis
1989 4190 2124 4254 dilectio
2135 4191 2289 4270 caritatis,

1390 4297 1427 4353 ut
1442 4309 1573 4352 seruum
1594 4289 1771 4354 redimeres
1789 4287 1893 4352 filium
1912 4286 2091 4354 tradidisti!
2144 4289 2175 4356 O
2200 4301 2289 4356 certe

1391 4388 1612 4452 necessarium
1642 4389 1716 4452 adae
1749 4397 1923 4472 peccatum
1950 4399 1984 4452 et
2015 4397 2172 4468 nostrum,
2196 4392 2287 4475 quod

1391 4487 1503 4552 christi
1527 4497 1633 4552 morte
1655 4487 1803 4553 deletum
1826 4494 1895 4554 est!
1941 4486 1973 4553 O
1995 4486 2078 4552 felix
2100 4488 2197 4573 culpa
2211 4511 2287 4573 quae

1390 4587 1492 4652 talem
1515 4607 1554 4651 ac
1577 4595 1707 4652 tantum
1732 4587 1850 4652 meruit
1874 4586 1997 4652 habere
2023 4588 2286 4672 redemptorem!

1391 4685 1541 4752 Obe'ata
1564 4707 1642 4764 nox,
1665 4708 1740 4771 quae
1762 4685 1833 4752 sola
1855 4687 1974 4754 meruit
1997 4689 2079 4754 scire
2100 4700 2231 4774 tempus
2253 4703 2288 4756 et

1389 4785 1504 4851 horam
1534 4788 1567 4850 in
1597 4807 1664 4870 qua
1696 4786 1835 4851 christus
1871 4787 1915 4851 ab
1945 4787 2055 4853 inferis
2090 4790 2286 4854 resurrexit!

1392 4885 1476 4950 Haec
1489 4907 1557 4951 nox
1574 4897 1625 4952 est
1640 4887 1683 4951 de
1695 4907 1760 4970 qua
1781 4885 1938 4969 scriptum
1955 4899 2014 4967 est,
2029 4897 2065 4953 et
2079 4909 2149 4953 nox
2164 4899 2201 4954 ut
2215 4890 2288 4954 dies

1388 4987 1646 5062 inluminabitur,
1662 4995 1695 5051 et
1711 5007 1780 5050 nox
1797 4985 2002 5052 inluminatio
2022 5008 2098 5052 mea
2113 4989 2146 5051 in
2162 4989 2288 5054 deliciis

1391 5086 1481 5151 meisa
1527 5084 1638 5150 Huius
1668 5086 1768 5169 igitur
1797 5085 2014 5152 sanctificatio
2051 5088 2157 5152 noctis
2193 5087 2287 5173 fugat

1389 5185 1522 5260 scelera,
1533 5185 1647 5268 culpas
1662 5185 1762 5260 lauat,
1776 5194 1810 5251 et
1826 5185 1935 5250 reddit
1947 5186 2169 5252 innocentiam
2184 5188 2288 5272 lapsis

1390 5294 1423 5348 et
1436 5285 1559 5348 maestis
1571 5284 1730 5364 laetitiam,
1743 5285 1771 5348 F
1772 5292 1852 5368 ugat
1860 5285 1946 5361 odia,
1958 5288 2168 5352 concordiam
2180 5300 2286 5372 parat,

1389 5393 1423 5448 et
1439 5393 1553 5449 curuat
1569 5384 1715 5468 imperia.
1762 5385 1801 5449 In
1819 5384 1959 5459 hu-i-ius
1980 5386 2078 5470 igitur
2093 5388 2198 5452 noctis
2212 5409 2288 5472 gra·

1388 5484 1435 5548 tia
1457 5485 1594 5566 suscipe,
1609 5493 1712 5566 pater,
1728 5485 1851 5549 incensi
1873 5483 1971 5549 buius
1994 5485 2189 5551 sacrificium
2211 5509 2287 5553 ues-

1486 5677 1513 5708 ²'¹
1531 5677 1562 5728 In
1573 5677 1615 5730 red
1627 5677 1719 5730 letters.
1951 5678 1980 5712 ’Ἴ
1996 5679 2080 5738 80ος
2097 5697 2144 5733 om.
2157 5681 2188 5732 V.
