5124 6608
512 583 683 661 AEetarb
709 581 861 668 suune

249 783 387 862 uoluisti,
414 782 540 867 respice
566 783 599 847 in
626 804 694 862 nos,
716 791 750 847 et
776 783 930 847 miserere
956 781 1079 862 nostri;
1109 792 1147 847 ut

178 927 183 942 .
249 885 303 968 qui
318 883 499 949 uoluntatis
518 893 575 949 tue
597 883 695 961 uiam,
710 884 857 948 donante
879 891 922 961 te,
937 883 1113 965 sequimur,
1129 904 1149 948 a

248 984 313 1068 uite
328 1003 510 1068 numquam
526 983 652 1048 semitis
666 983 847 1048 deuiemur.
864 1037 869 1050 .
893 982 955 1046 Per
963 981 986 1045 ¹.

476 1219 589 1296 fiisse
608 1221 640 1286 tn
659 1221 777 1286 mania
795 1222 912 1287 maiore.

416 1343 418 1350 ¹
475 1353 539 1419 Ad
548 1365 697 1421 sanctiam
712 1353 920 1420 laurentium.

290 1482 441 1548 Mentem
457 1481 590 1546 familiae
605 1491 681 1558 tuae,
693 1500 881 1566 quesumus,
892 1481 1035 1560 domine,
1050 1479 1150 1545 inter·

248 1584 386 1648 cedente
399 1582 499 1647 beato
521 1581 682 1647 laurentio
704 1591 851 1666 martyre
873 1590 940 1659 tuo,
957 1590 992 1646 et
1014 1601 1150 1647 munere

249 1682 497 1765 conpunctionis
512 1682 601 1764 aperi
611 1681 633 1760 ²,
649 1690 682 1747 et
696 1682 850 1766 largitate
868 1682 1001 1765 pletatis
1017 1683 1148 1747 exaudi.

249 1785 311 1851 Per
325 1787 497 1852 dominum
513 1795 688 1851 nostrumr

473 1939 535 2004 Ad
544 1949 691 2006 saturum
706 1940 917 2006 ualentinum.

291 2066 392 2145 Deus,
417 2067 474 2150 qui
499 2065 612 2150 culpas
642 2065 903 2150 delinquentium
926 2065 1073 2152 districte
1103 2069 1149 2134 fe·

248 2169 361 2232 riendo
375 2167 528 2250 percutis,
544 2165 641 2230 fletus
661 2185 793 2248 quoque
812 2166 995 2250 lugentium
1015 2188 1081 2233 non
1099 2189 1149 2233 re·

249 2292 351 2351 cuses,
362 2279 400 2335 ut
416 2271 473 2354 qui
487 2271 618 2354 pondus
633 2279 700 2335 tuae
715 2268 1057 2359 animaduersione(is)
1072 2293 1147 2356 cog-

249 2371 409 2448 nouimus,
423 2370 523 2435 etiam
536 2371 669 2453 pietatis
679 2371 821 2454 gratiam
836 2370 1028 2437 sentiamus.
1052 2372 1137 2437 Pers

527 2531 588 2596 Ad
591 2540 721 2614 pontem
736 2529 836 2598 molli
842 2529 864 2598 ³.

290 2658 399 2737 Parce,
415 2657 557 2734 domine,
574 2677 762 2739 quesumus,
777 2678 874 2740 parce
889 2659 1013 2741 populo
1029 2671 1096 2737 tuo,
1113 2668 1149 2725 et

249 2757 345 2822 nullis
369 2757 436 2822 iam
461 2757 595 2840 patiaris
620 2757 876 2824 aduersitatibus
898 2757 1038 2843 fatigari,
1065 2779 1149 2844 quos

248 2859 395 2945 precioso
407 2859 464 2924 filii
480 2859 530 2924 tui
541 2859 701 2944 sanguine
713 2861 891 2927 redemisti.
924 2857 990 2942 Qui
1000 2871 1137 2927 tecuma

595 3021 658 3087 Ad
667 3043 801 3089 cmcem.

290 3149 394 3227 Deus,
416 3148 472 3232 qui
488 3150 602 3232 culpas
623 3159 753 3214 nostras
774 3149 837 3231 piis
861 3150 1050 3215 uerberibus
1074 3172 1147 3234 per-

249 3249 338 3329 cutis,
350 3258 388 3314 ut
403 3269 422 3312 a
438 3249 558 3314 nostris
573 3249 802 3332 iniquitatibus
813 3251 981 3330 emundes,
993 3251 1036 3315 da
1052 3252 1148 3316 nobis

249 3349 338 3414 etde
353 3347 490 3413 uerbere
505 3357 564 3413 tuo
588 3347 754 3432 proficere,
770 3359 805 3415 et
823 3350 866 3415 de
886 3360 945 3416 tua
958 3350 1055 3416 citius
1071 3372 1147 3416 con·

249 3449 409 3515 solatione
423 3448 580 3532 gaudere.
626 3448 713 3513 Pers

619 3611 664 3676 In
678 3613 774 3679 atrio.

289 3735 431 3814 Adesto,
462 3736 606 3810 domine,
637 3739 931 3821 supplicationibus
961 3739 1089 3816 nostris,
1117 3751 1151 3807 et

248 3847 416 3922 sperantes
431 3836 464 3900 in
485 3845 542 3902 tua
565 3837 795 3915 misericordia,
812 3838 1035 3905 intercedente
1050 3841 1151 3906 beato

248 3947 341 4020 petro
379 3936 534 4020 apostolo
563 3947 630 4014 tuo,
661 3936 784 4004 caelesti
820 3949 958 4022 protege
990 3939 1151 4026 benignus

248 4041 383 4106 auxilio.
429 4040 516 4107 Per*

612 4128 699 4195 Item
713 4129 791 4197 alsit.

290 4254 424 4329 Praesta,
440 4273 627 4336 quesumus,
648 4257 857 4339 omnipotens
877 4256 968 4335 deus,
991 4264 1028 4321 ut
1049 4256 1093 4321 ad
1116 4266 1150 4320 te

248 4355 435 4420 totocorde
456 4353 648 4434 clamantes,
663 4355 887 4420 intercedente
908 4354 1030 4420 beata⁴
1046 4355 1149 4420 maria

248 4473 378 4538 semper
399 4453 525 4538 uirgine
535 4451 557 4532 ⁴,
575 4463 632 4537 tuq
653 4455 788 4539 pietatis
809 4455 1048 4539 indulgentiam
1070 4475 1149 4521 con-

249 4573 433 4638 sequamur.
478 4552 565 4618 Pera

587 4639 649 4705 Ad
659 4640 796 4707 musam
805 4641 827 4707 ⁶.

292 4766 427 4842 Praesta,
444 4785 633 4848 quesumus,
649 4767 860 4849 omnipotens
878 4765 968 4845 deus,
984 4774 1021 4831 ut
1042 4765 1099 4849 qui
1114 4766 1148 4829 in

249 4863 424 4929 afflictione
435 4876 547 4930 nostra
559 4865 602 4930 de
614 4875 672 4932 tua
683 4865 807 4949 pietate
819 4864 1022 4942 confidimus,
1035 4875 1150 4930 contra

184 5019 190 5038 ,
249 4965 386 5030 aduersa
397 4965 518 5045 omnia,
529 4975 585 5030 tua
596 4985 728 5049 semper
738 4965 944 5049 protectione
956 4965 1150 5029 muniamur.

251 5061 311 5128 Per
326 5065 523 5130 dominums

282 5254 292 5284 ²
308 5255 364 5307 Gel.
373 5273 398 5323 p.
407 5257 469 5322 585;
480 5255 564 5308 om.Z.
643 5253 654 5284 ³
669 5255 703 5307 So
712 5255 786 5314 Bod.;
798 5254 868 5322 open'
877 5253 908 5306 V.

282 5333 311 5364 Μ
327 5333 407 5385 Beato
418 5335 493 5385 Petro
504 5333 620 5401 apostolo
631 5341 676 5385 tuo
688 5333 750 5385 Bod.
763 5334 794 5385 V.

283 5413 293 5443 ¹
308 5425 333 5464 Α.
346 5412 490 5462 Euudiuit.
782 5411 975 5462 conectitur
987 5411 1124 5478 accipietis

308 5501 344 5540 rs
356 5489 469 5556 Diligens
481 5497 515 5542 te.
783 5493 837 5554 (ar.
849 5488 1018 5541 confitemini.

309 5567 532 5619 aneonfiremini.
786 5579 831 5622 cv.
843 5567 906 5634 Quis
917 5569 1048 5631 uestrum).

309 5657 353 5698 or.
365 5647 512 5699 Confitebor
522 5647 632 5698 domiuo.

989 5255 1000 5286 ⁸
1016 5255 1077 5308 Olbi
1087 5255 1149 5306 Bod.

1569 579 1671 675 jisua
1694 579 1738 656 tt.
2040 602 2109 678 107

1581 779 1725 846 Secreta.

1247 907 1332 972 Haec
1362 925 1508 981 munera,
1536 923 1725 989 quesumus,
1753 905 1897 982 domine,
1920 915 1955 971 et
1977 907 2109 972 uincula

1202 1017 1324 1072 nostrae
1339 1005 1512 1089 prauitatis
1534 1006 1719 1085 absoluant,
1735 1014 1769 1071 et
1789 1015 1857 1071 tuae
1873 1006 1968 1070 nobis
1985 1007 2107 1071 miseri-

1201 1105 1323 1172 cordiae
1338 1103 1427 1170 dona
1441 1104 1627 1171 concilient.
1663 1104 1726 1170 Per
1740 1105 1911 1170 dominum
1924 1116 2097 1170 nostrum*

1566 1275 1738 1362 Proesatrb.

1246 1403 1290 1470 U.
1307 1404 1350 1470 D.
1365 1413 1488 1469 aeteme
1502 1403 1592 1469 deus.
1638 1403 1686 1471 Et
1700 1415 1735 1470 te
1754 1417 1922 1472 auctorem
1938 1415 1972 1471 et
1986 1409 2107 1472 sancti-

1202 1503 1370 1570 ficatorem
1383 1503 1492 1569 ieiunii
1508 1503 1716 1584 conlaudare,
1731 1526 1791 1589 per
1806 1507 1895 1589 quod
1912 1527 1972 1570 nos
1986 1506 2107 1572 liberas

1200 1625 1222 1670 a
1247 1613 1434 1669 nostrorum
1456 1603 1577 1668 debitis
1597 1615 1818 1689 peccatorum.
1864 1605 1955 1690 Ergo
1977 1607 2107 1691 suscipe

1202 1706 1417 1771 ieiunantium
1432 1725 1554 1788 preces,
1567 1717 1668 1790 atque
1683 1716 1720 1772 ut
1732 1727 1792 1772 nos
1805 1727 1827 1772 a
1843 1707 1938 1772 malis
1952 1707 2106 1772 omnibus

1201 1806 1398 1889 propitiatus
1434 1805 1562 1888 eripias,
1594 1806 1785 1889 iniquitates
1822 1816 1959 1885 nostras,
1988 1807 2107 1889 quibus

1202 1905 1320 1969 merito
1330 1902 1512 1988 affligimur,
1523 1903 1674 1986 placatus
1684 1906 1830 1971 absolue.
1847 1906 1909 1970 Per
1919 1905 2105 1973 christum¹.
2218 1943 2224 1954 ·

1557 2077 1748 2144 Bemdr'ctio.

1245 2203 1468 2289 Omnipotens
1498 2204 1580 2269 deus
1612 2206 1823 2270 deuotionem
1854 2216 1999 2272 uestram
2034 2204 2106 2290 dig-

1201 2315 1318 2370 nanter
1331 2304 1493 2380 intendat,
1510 2313 1544 2370 et
1562 2325 1631 2370 suae
1652 2306 1747 2371 uobis
1761 2307 2000 2373 benedictionis
2018 2307 2106 2371 dona

1200 2405 1370 2470 concedat.
1411 2403 1535 2469 Amen.

1246 2504 1423 2587 Indulgeat
1452 2504 1548 2569 uobis
1577 2505 1666 2571 mala
1695 2506 1815 2586 omnia,
1844 2528 1920 2590 quae
1949 2507 2104 2592 gessistis,

1201 2613 1236 2669 et
1250 2605 1375 2669 tribuat
1390 2604 1522 2669 ueniam
1537 2621 1638 2687 quam
1654 2605 1698 2670 ab
1713 2626 1753 2670 eo
1769 2608 1955 2689 deposcitis.
1981 2607 2105 2672 Amen.

1245 2704 1367 2787 Sicque
1385 2704 1496 2769 ieiunii
1512 2704 1622 2782 uestri,
1640 2714 1674 2770 et
1692 2725 1828 2788 precum
1844 2717 1924 2772 uota
1941 2707 2106 2790 suscipiat,

1201 2816 1238 2872 ut
1259 2825 1280 2870 a
1302 2804 1397 2869 uobis
1421 2804 1561 2868 aduersa
1582 2804 1703 2878 omnia,
1726 2826 1802 2888 quae
1824 2816 2034 2887 peccatorum
2057 2826 2106 2870 re·

1200 2905 1381 2970 tributione
1402 2905 1583 2984 meremini,
1601 2915 1740 2987 auertat,
1756 2917 1790 2972 et
1809 2909 1934 2974 donum
1956 2909 1990 2973 in
2009 2907 2104 2975 uobis

1200 3006 1333 3088 spiritus
1347 3006 1509 3090 paraclyti
1523 3005 1684 3072 infundat.
1727 3006 1850 3073 Amen.

1244 3106 1344 3191 Quod
1360 3107 1431 3190 ipse
1439 3106 1462 3169 ².

1502 3192 1563 3257 Ad
1574 3193 1801 3276 corripiendum.

1243 3317 1333 3383 Vota
1362 3326 1483 3393 nostra,
1515 3337 1702 3400 quesumus,
1734 3318 1877 3396 domine,
1903 3318 1960 3401 pio
1991 3316 2104 3384 fauore

1200 3436 1406 3502 prosequere,
1420 3427 1458 3482 ut
1473 3417 1553 3481 dum
1569 3427 1626 3483 tua
1646 3419 1735 3483 dona
1753 3417 1787 3481 in
1804 3418 2015 3484 tribulatione
2030 3439 2104 3502 pcr-

1201 3517 1357 3600 cepimus,
1384 3515 1428 3582 de
1454 3517 1680 3584 consolatione
1704 3528 1815 3585 nostra
1838 3517 1871 3583 in
1901 3527 1960 3584 tuo
1992 3538 2105 3584 amore

1201 3636 1394 3684 crescamus.
1440 3617 1525 3682 Pers

1524 3715 1587 3782 Ad
1589 3718 1745 3802 populum
1756 3717 1778 3783 ⁸.

1246 3846 1410 3912 Pretende
1432 3846 1536 3927 nobis,
1558 3847 1702 3924 domine,
1723 3847 1978 3913 misericordiam
2000 3855 2103 3925 tuam,

1202 3959 1239 4013 ut
1254 3970 1329 4032 quae
1344 3948 1431 4013 uotis
1446 3947 1644 4030 expetimus,
1653 3947 1902 4014 conuersatione
1910 3947 1970 4013 tibi
1982 3946 2104 4029 placita

1201 4071 1451 4135 consequamur.
1496 4050 1581 4114 Pers
1962 4061 1967 4076 ·

1569 4311 1659 4388 luia
1675 4315 1727 4380 ue

1543 4459 1605 4524 Ad
1615 4460 1760 4528 missam.

1244 4583 1467 4670 Omnipotens
1479 4594 1513 4649 et
1529 4585 1711 4651 misericors
1723 4588 1813 4666 deus,
1827 4588 1882 4672 qui
1894 4586 2102 4669 peccantium

1867 4781 1877 4812 ⁸
1892 4781 1956 4831 Alia
1968 4779 2030 4830 Bod.
2043 4779 2075 4830 Ο.

1740 4871 1784 4912 or.
1796 4860 1942 4912 confitebor
1952 4861 2062 4910 domino.

1741 4951 1808 4992 corr.
1819 4939 1900 4990 Petite
1910 4946 1936 4990 et
1947 4937 2083 5004 accipietis

1232 4779 1242 4810 ¹
1261 4779 1293 4831 0.
1305 4795 1330 4846 p.
1343 4789 1400 4844 317.
1412 4779 1440 4831 Z.

1233 4857 1243 4889 ⁴
1325 4869 1352 4909 Α.
1364 4855 1509 4907 Exaudiuit.

1326 4947 1363 4988 rs.
1375 4935 1489 5000 Diligum
1501 4943 1533 4986 te.

1326 5027 1371 5065 nr.
1382 5014 1550 5065 confitemini.

1234 5095 1286 5145 For
1297 5093 1347 5145 this
1358 5094 1429 5144 Mam
1440 5093 1467 5143 Z.
1481 5094 1626 5144 substitutos
1637 5098 1688 5142 two
1700 5086 1792 5139 others

1234 5173 1298 5224 Item
1310 5173 1339 5222 ἐκ
1349 5172 1404 5222 alsia
1415 5172 1462 5222 dr'e.
1486 5171 1657 5222 clamantium
1669 5167 1702 5218 ed
1713 5173 1738 5217 te
1749 5181 1782 5231 q..
1793 5164 1859 5226 dne,
1869 5176 1961 5228 praees
1971 5161 2103 5228 dignanter

1201 5251 1299 5312 exaudi,
1313 5257 1340 5300 ut
1356 5251 1421 5300 sicut
1439 5249 1552 5300 niniuitis
1568 5250 1594 5298 in
1608 5246 1741 5299 afflictione
1756 5242 1846 5308 positis
1861 5239 2008 5306 pepercistir
2025 5241 2062 5290 ita
2076 5247 2102 5290 et

1200 5329 1275 5380 nobis
1286 5329 1311 5379 iu
1323 5329 1439 5395 presenti
1450 5327 1583 5379 afflictione
1594 5339 1729 5378 succurras
1766 5321 1820 5371 Per.

1234 5409 1284 5458 Sec.
1319 5407 1465 5471 Quesumus.
1480 5406 1545 5463 dne..
1559 5403 1650 5455 nostris
1666 5403 1767 5469 placare
1781 5396 1930 5454 muneribus,
1944 5396 2062 5462 quonum
2077 5403 2104 5446 tu

1200 5486 1289 5538 adem
1300 5486 1389 5537 tribuis
1400 5491 1428 5536 ut
1440 5485 1555 5548 placaris.
1588 5484 1642 5534 Per.

1233 5565 1310 5632 Pras.
1345 5565 1379 5616 Et
1389 5563 1547 5616 maiestatem
1558 5569 1636 5619 tuem.
1648 5568 1704 5620 ete,
1716 5565 1840 5622 utsupra.

1215 5644 1279 5694 *Ad
1286 5659 1346 5695 com.
1379 5641 1526 5709 Propitiare,
1538 5640 1603 5700 dne..
1615 5637 1789 5706 iniquitatibus
1807 5633 1899 5684 nostris
1910 5632 2001 5698 quibus
2015 5628 2102 5697 effligi-

1572 4776 1631 4831 ⁸0·
1642 4795 1667 4845 r·
1680 4791 1736 4845 37¹·
