5122 6610
431 641 503 711 204
752 611 1005 689 tuenstuens.

428 841 498 882 nem
521 822 688 880 uenientem
713 817 743 875 in
767 815 847 882 hunc
871 814 1026 886 mundum,
1049 813 1167 874 effunde
1191 812 1330 874 benedic·

428 918 540 976 tionem
554 926 634 975 tuam
649 930 738 990 super
751 909 806 970 hos
820 927 930 982 cereos,
945 919 974 968 et
994 908 1145 969 sanctifica
1158 927 1210 968 eos
1222 907 1332 966 lumine

428 1011 529 1087 gratiae
550 1019 626 1082 tuae;
660 1017 688 1065 et
709 1003 841 1066 concede
863 1003 1005 1081 propitius
1027 1013 1059 1062 ut
1081 1004 1155 1063 sicut
1179 1002 1333 1061 luminaria

428 1106 497 1182 igne
512 1103 618 1162 uisibili
638 1117 764 1161 accensa
785 1107 944 1157 nocturnas
965 1097 1115 1175 depellunt
1134 1097 1278 1166 tenebras,
1293 1095 1333 1154 ita

429 1198 518 1259 corda
532 1206 633 1258 nostra
644 1192 778 1254 inuisibili
793 1194 871 1268 igne,
883 1191 913 1252 id
928 1201 981 1265 est,
995 1193 1090 1252 sancti
1105 1193 1221 1269 spiritus
1236 1189 1333 1269 splen-

429 1293 548 1354 doribus
565 1292 695 1362 inlustra,
709 1299 741 1345 ut
758 1287 840 1346 omni
857 1286 994 1345 uitiorum
1014 1286 1134 1346 cecitate
1154 1295 1279 1356 careant,
1295 1295 1333 1356 et,

428 1395 554 1466 purgato
569 1385 675 1445 mentis
689 1381 785 1451 oculo,
799 1398 835 1439 ea
849 1398 966 1439 cernere
981 1398 1097 1457 semper
1106 1381 1253 1457 possimus
1267 1396 1334 1457 quae

429 1482 482 1541 tibi
503 1490 570 1542 sunt
591 1479 705 1557 placita,
728 1485 757 1535 et
777 1485 875 1533 nostre
896 1473 995 1533 salutis
1016 1474 1104 1545 utilia,
1124 1475 1260 1552 quatinus
1282 1491 1334 1550 per

429 1575 515 1635 huius
540 1573 629 1636 seculi
657 1570 818 1648 caliginosa
847 1569 1014 1628 discrimina
1042 1568 1080 1628 ad
1107 1568 1203 1627 lucem
1231 1567 1334 1628 indefi-

431 1673 558 1732 cientem
572 1667 724 1749 peruenire
739 1681 913 1723 mereamur.
955 1663 1010 1722 Per
1026 1673 1062 1738 te,
1078 1662 1184 1724 christe
1198 1663 1306 1723 ihesu¹.

846 1829 925 1896 ulta.

474 1958 672 2036 Omnipotens
701 1956 877 2033 sempiterne
906 1953 987 2024 deus,
1009 1953 1059 2030 qui
1086 1970 1211 2031 moysen
1239 1951 1335 2012 lamu-

431 2055 493 2114 lum
507 2066 589 2114 tuum
604 2052 791 2133 purissimum
808 2049 865 2108 olei
879 2049 1030 2125 liquorem,
1046 2046 1085 2106 ad
1099 2047 1253 2106 luminaria
1267 2057 1335 2106 ante

433 2159 626 2226 conspectum
647 2157 729 2206 tuum
752 2145 858 2222 iugiter
871 2141 1078 2202 concinnenda
1097 2159 1260 2219 praeparare
1276 2141 1335 2200 ius-

433 2245 512 2318 sisti;
534 2240 745 2302 benedictionis
767 2249 816 2298 tue
836 2237 960 2314 gratiam
982 2236 1140 2314 superbos
1161 2253 1263 2295 cereos
1284 2235 1336 2294 be-

433 2335 587 2418 nih(g)nus
615 2334 745 2406 infunde,
773 2332 910 2410 quatinus
938 2331 980 2390 sic
1008 2330 1211 2390 administrent
1237 2329 1336 2389 lumen

434 2433 567 2503 exterius,
578 2440 618 2502 ut,
633 2438 662 2489 te
681 2429 810 2488 donante
830 2425 938 2498 lumen,
954 2424 1070 2503 spiritus
1088 2424 1129 2485 tui
1148 2424 1254 2483 nostris
1274 2442 1337 2483 non

434 2527 508 2588 desit
521 2526 667 2585 mentibus
681 2523 809 2583 interius.
851 2521 914 2580 Per.

844 2701 925 2768 filia.

476 2827 606 2888 Domine
627 2826 709 2897 deus,
731 2832 843 2883 creator
869 2822 923 2882 celi
947 2829 978 2880 et
1001 2830 1085 2896 terre,
1105 2839 1155 2880 rex
1184 2839 1288 2898 regum
1309 2831 1338 2880 et

437 2923 574 2983 dominus
597 2919 818 2990 dominantium,
840 2916 947 2976 exaudi
969 2933 1025 2976 nos
1049 2915 1188 2992 indignos
1211 2914 1336 2976 famulos

436 3029 503 3077 tuos
517 3017 675 3076 clamantes
690 3014 729 3073 ad
739 3022 767 3071 te
781 3022 810 3071 et
824 3023 940 3071 orantes
955 3011 993 3070 ad
1004 3021 1032 3069 te
1037 3030 1045 3084 ;
1061 3027 1222 3088 precamur,
1231 3010 1336 3088 itaque,

436 3123 474 3182 te,
499 3109 628 3178 domine,
657 3117 756 3167 sancte
784 3117 874 3184 pater,
902 3105 1091 3183 omnipotens
1120 3115 1226 3164 aeteme
1255 3105 1336 3175 deus,

437 3205 577 3284 quoniam
591 3223 628 3263 ex
643 3203 733 3262 nihilo
747 3201 858 3272 creasti,
874 3211 904 3260 et
917 3201 998 3259 iussu
1012 3209 1062 3259 tuo
1077 3218 1130 3276 per
1143 3217 1234 3277 opera
1249 3217 1337 3276 apum

437 3299 515 3360 hunc
537 3299 681 3375 liquorem
702 3297 740 3357 ad
760 3296 970 3374 perlectionem
992 3294 1067 3354 cerei
1090 3295 1207 3354 euenire
1226 3293 1337 3366 lecisti;

437 3403 467 3454 et
501 3395 552 3472 qui
586 3392 758 3452 hodiernam
793 3390 840 3449 die
876 3389 1049 3466 petitionem
1077 3386 1171 3467 (iusti)
1199 3388 1338 3448 simeonis

437 3489 581 3566 implesti:
605 3497 632 3546 te
652 3485 797 3546 humiliter
817 3484 1008 3562 deprecamur
1024 3491 1056 3542 ut
1074 3482 1128 3542 has
1146 3482 1283 3542 candelas
1301 3482 1339 3542 ad

436 3600 508 3643 usus
535 3581 689 3640 bominum
716 3591 746 3639 et
773 3580 946 3650 animamm,
971 3578 1034 3637 siue
1058 3579 1089 3638 in
1114 3587 1197 3648 terra,
1220 3577 1282 3635 siue
1309 3577 1340 3634 in

438 3676 529 3754 aquis,
545 3694 598 3753 per
611 3674 828 3734 inuocationem
847 3672 1023 3732 sanctissimi
1037 3672 1166 3731 nominis
1181 3672 1230 3742 tui,
1245 3680 1273 3730 et
1289 3690 1341 3749 per

438 3771 677 3830 intercessionem
711 3779 820 3828 sanctae
849 3768 949 3826 mariae
984 3767 1131 3844 genitricis
1163 3775 1230 3837 tuae,
1258 3766 1341 3825 cuius

438 3865 535 3924 hodiae
556 3863 630 3923 lesta
650 3862 833 3940 percolimus,
849 3880 901 3938 per
915 3879 1079 3938 precesque
1100 3863 1234 3920 omnium
1255 3878 1341 3920 sanc·

439 3971 536 4020 torum
553 3968 669 4017 tuomm
691 3956 863 4017 benedicere
885 3966 914 4014 et
934 3956 1117 4015 sanctificare
1135 3955 1287 4031 digneris3
1311 3966 1341 4014 ut

439 4054 504 4113 haec
529 4053 612 4130 plebs
633 4063 684 4111 tua
710 4050 772 4110 ilias
791 4048 978 4128 (honorifice)
998 4049 1028 4107 in
1053 4049 1187 4109 manibus
1212 4060 1341 4126 portans,

440 4148 587 4209 cantando
609 4157 695 4224 teque
718 4144 866 4204 laudando
888 4155 1023 4217 tueatur,
1053 4161 1202 4219 uocesque
1226 4143 1341 4203 illorum

441 4245 478 4304 de
498 4242 561 4317 celo
580 4251 682 4302 sancto
698 4251 747 4300 tuo
764 4239 913 4312 exaudias,
928 4249 957 4297 et
972 4238 1009 4298 de
1026 4236 1096 4297 sede
1111 4237 1270 4296 maiestatis
1284 4248 1342 4297 tuae

440 4339 582 4416 propitius
603 4337 643 4396 sis
662 4335 800 4396 omnibus
824 4333 1019 4393 clamantibus
1043 4333 1082 4393 ad
1104 4343 1141 4404 te,
1163 4348 1239 4409 quos
1260 4331 1342 4392 rede·

441 4434 518 4492 misti
534 4431 663 4510 pretioso
678 4430 819 4508 sanguine
833 4439 894 4488 tuo.
937 4426 1021 4500 Quis

484 4552 547 4613 His
554 4553 678 4630 peractis
691 4556 815 4609 cantetur
828 4548 979 4624 antiphona
993 4549 1034 4607 ud
1046 4548 1189 4608 stationem
1202 4554 1295 4606 sancte

843 4645 941 4702 maria

482 4766 556 4838 Aue,
570 4765 663 4843 gratia
676 4763 771 4842 plena,
786 4763 834 4822 dei
848 4763 991 4840 genetrix,
1006 4761 1099 4839 uirgo.

724 4907 815 4980 Quam
828 4913 961 4984 sequatur
974 4907 1071 4968 oratio.

484 5033 662 5107 Quesumus,
677 5029 865 5106 omnipotens
880 5028 961 5099 deus,
976 5038 1026 5088 tua
1040 5046 1096 5089 nos
1110 5027 1301 5106 protectione,
1316 5035 1345 5086 et

443 5127 647 5189 castimoniam
669 5123 815 5183 mentibus
836 5123 941 5182 nostris
960 5133 1047 5201 atque
1062 5123 1243 5200 corporibus,
1257 5123 1346 5180 inter·

444 5221 567 5282 cedente
587 5221 675 5280 beata
694 5219 794 5289 maria,
816 5218 990 5296 propitiatus
1015 5217 1143 5295 indulge,
1165 5227 1197 5277 ut
1217 5215 1345 5275 uenienti

444 5333 556 5392 sponso
582 5315 642 5374 filio
663 5323 714 5373 tuo
736 5313 896 5390 unigenito,
919 5313 1052 5372 accensis
1081 5311 1267 5391 lampadibus
1294 5327 1346 5368 no·

444 5410 519 5480 stris,
533 5408 657 5486 dignum
670 5416 832 5485 prestemus
846 5424 1009 5467 occursum.
1053 5405 1117 5465 Per.

543 5591 553 5622 ι
670 5623 674 5636 s
703 5626 709 5641 ι

545 5669 555 5698 ¹
570 5591 602 5719 ἓ.
613 5591 699 5737 {itii
706 5687 714 5735 5
731 5669 756 5720 S.
768 5685 792 5736 p.
805 5669 861 5737 698,
874 5670 1044 5736 commenting
1055 5668 1202 5735 differently.
1241 5641 1243 5648 Ι

1709 605 1960 682 mentatum.

1653 805 1795 885 Sequatur
1807 807 1962 885 antiphona
1976 807 2043 880 hac,

1426 930 1548 990 Adoma
1562 928 1722 989 thalamum
1736 939 1828 999 tuum,
1843 928 1916 999 sion,
1934 938 1963 987 et
1978 929 2093 1006 suscipe
2107 945 2215 1006 regem.

1668 1072 1759 1146 Quam
1773 1080 1904 1149 sequatur
1917 1074 2014 1132 oratrh

1426 1195 1556 1255 Domine
1581 1193 1665 1256 ihesu
1687 1194 1803 1266 christe,
1824 1191 1874 1271 qui
1899 1192 2043 1254 hodierna
2064 1193 2111 1253 die
2135 1194 2168 1252 iu
2190 1203 2288 1269 nostre

1386 1291 1482 1350 camis
1501 1289 1662 1349 substantia
1682 1288 1756 1347 inter
1769 1288 1904 1348 homines
1919 1306 2074 1367 apparens,
2088 1307 2106 1348 a
2119 1289 2288 1366 parentibus

1387 1384 1550 1460 intemplo
1574 1402 1606 1443 es
1635 1393 1826 1462 presentatus,
1849 1400 1938 1460 quem
1967 1383 2091 1454 simeon,
2116 1383 2289 1443 uenerabilis

1388 1497 1487 1548 senex,
1502 1478 1611 1537 lumine
1633 1477 1751 1554 spiritus
1772 1476 1865 1535 sancti
1886 1475 2053 1549 inradiatus,
2072 1477 2202 1554 agnouit,
2224 1494 2289 1536 sus-

1388 1573 1474 1649 cepit,
1490 1583 1518 1631 et
1539 1572 1698 1642 benedixit,
1714 1579 1811 1648 presta
1831 1571 1985 1649 propitius,
2003 1579 2034 1629 ut
2055 1570 2186 1630 eiusdem
2208 1570 2290 1647 spiri·

1387 1675 1433 1726 tus
1454 1666 1548 1726 sancti
1568 1666 1662 1742 gratia
1682 1666 1846 1724 inluminati
1867 1676 1955 1742 atque
1976 1664 2073 1725 edocti
2098 1675 2126 1723 te
2150 1666 2290 1725 ueraciter

1387 1757 1639 1840 agnouilsca)mus
1654 1769 1684 1818 et
1697 1759 1817 1819 fideliter
1831 1758 1995 1836 diligamus.
2038 1757 2093 1819 Per
2104 1758 2122 1818 ¹.

1427 1904 1570 1982 Sequatur
1582 1903 1741 1981 antiphona.
1783 1904 1938 1979 Postquam
1952 1905 2080 1972 recitetur
2092 1903 2253 1981 adsequens

1789 2001 1886 2057 aratro.

1572 2167 1788 2250 (bruttianum.
1831 2169 1957 2248 Accepit
1978 2168 2116 2250 simeon.)

1430 2292 1540 2352 Perfice
1558 2292 1589 2349 in
1610 2288 1704 2362 nobis,
1722 2306 1890 2368 quesumus,
1911 2288 2041 2361 domine,
2059 2291 2183 2366 gratiam
2203 2300 2292 2362 tuam,

1389 2387 1440 2464 qui
1460 2383 1570 2464 iuste(i)
1590 2385 1738 2462 symeonis
1759 2384 1996 2460 expectationem
2017 2383 2151 2460 implesti,
2167 2393 2198 2443 ut
2218 2387 2294 2445 sicut

1389 2482 1435 2541 ille
1457 2491 1582 2540 mortem
1604 2496 1667 2539 non
1688 2478 1768 2550 uidit,
1784 2478 1957 2556 priusquam
1979 2476 2119 2537 christum
2139 2477 2292 2539 dominum

1389 2576 1488 2636 uidere
1502 2583 1667 2647 mereretur,
1679 2573 1759 2633 itaet
1772 2589 1828 2631 nos
1842 2573 1933 2632 uitam
1944 2572 2129 2649 optineamus
2143 2585 2294 2644 aetemam,

1390 2671 1454 2730 Per.

1390 2791 1450 2850 His
1470 2790 1575 2868 finitis,
1596 2790 1717 2848 accensis
1741 2787 1930 2846 luminaribus
1954 2787 2155 2858 materialibus,
2177 2789 2208 2846 in
2234 2809 2294 2847 cor·

1430 2886 1509 2944 dibus
1526 2887 1631 2943 nostris
1651 2902 1743 2942 arnare
1757 2883 1861 2942 christi
1870 2883 2005 2952 ardentes,
2021 2883 2051 2940 in
2065 2881 2175 2941 obuiam
2189 2883 2294 2942 christo

1430 2997 1494 3038 uero
1513 2989 1609 3055 sponso
1628 2980 1745 3052 ecclesi!
1759 2978 1874 3035 uenturi
1889 2983 2036 3052 sperantes,
2051 2995 2148 3034 uerunt
2161 2978 2261 3046 lunen,
2275 2997 2294 3034 a

1427 3097 1480 3156 quo
1504 3079 1708 3136 inluminanur
1730 3075 1889 3153 confitentes,
1903 3077 1991 3133 ternis
2013 3077 2089 3134 trano
2111 3074 2295 3156 anteplh)onrs

1428 3173 1592 3250 collectisque
1611 3173 1772 3241 laudatae!
1791 3171 1823 3228 in
1843 3169 1951 3228 sr'rrr'bus
1971 3169 2087 3228 occasu
2099 3169 2228 3244 fidelium
2249 3191 2295 3228 ac-

1429 3277 1501 3344 cepto
1516 3267 1748 3344 congratulantes,
1762 3265 1855 3324 murce
1872 3265 2031 3341 sollempnia
2052 3266 2133 3323 donec
2147 3265 2295 3342 finiantur

1430 3367 1606 3439 expectemus.

1637 3475 1805 3540 lssmrutrtia
1826 3492 1915 3558 saper
1935 3475 2053 3541 amero.

1432 3611 1523 3684 Deus,
1545 3612 1595 3690 qui
1616 3629 1677 3671 non
1698 3621 1822 3670 mortem
1844 3609 1896 3670 sed
1917 3610 2122 3688 poenitentiam
2145 3609 2295 3670 desideras

1390 3717 1590 3785 peccatorum,
1619 3704 1803 3781 fragilitatem
1832 3703 2008 3764 conditionis
2035 3704 2163 3764 humane
2191 3704 2295 3781 benig·

1393 3801 1510 3860 nissime
1525 3800 1646 3876 respice,
1661 3811 1690 3858 et
1709 3799 1763 3858 hos
1783 3799 1903 3872 cineres,
1918 3816 1994 3876 quos
2013 3817 2102 3858 causa
2119 3797 2296 3876 proferende

1393 3895 1568 3966 humilitatis,
1585 3905 1673 3971 atque
1694 3894 1889 3972 promerende
1906 3894 2001 3954 ueniae
2022 3893 2166 3971 capitibus
2188 3893 2296 3951 nostris

1393 3989 1504 4066 imponi
1525 3986 1757 4067 decernibus(m)
1771 3988 1943 4048 benedicere
1963 4005 2017 4064 pro
2038 3998 2089 4047 tua
2104 3988 2214 4066 pietate
2229 3987 2296 4064 dig·

1393 4085 1479 4157 neris,
1508 4093 1538 4143 ut
1563 4084 1614 4161 qui
1643 4100 1699 4142 nos
1727 4084 1839 4142 cineres
1867 4100 1933 4142 esse
1960 4082 2087 4153 uoluisti,
2112 4091 2142 4142 et
2165 4083 2206 4141 ob
2229 4099 2296 4158 pra·

1393 4177 1532 4258 uitates(i)
1567 4187 1667 4252 nostre
1702 4178 1838 4236 meritum
1873 4177 1905 4236 in
1942 4176 2094 4254 puluerem
2128 4193 2296 4236 reuersuros

1394 4274 1505 4345 creasti,
1520 4282 1708 4350 peccatorum
1721 4271 1839 4330 ueniam
1853 4281 1882 4330 et
1896 4272 2006 4348 premia
2020 4271 2106 4331 nobis
2119 4271 2297 4350 repromissa

1393 4369 1558 4447 petentibus
1572 4365 1799 4426 misericorditer
1813 4365 1969 4426 concedas.
2013 4363 2091 4425 Per¹.

1763 4583 1843 4649 litem
1863 4585 1932 4649 alte.

1443 4721 1641 4799 Omnipotens
1669 4719 1845 4796 sempiterne
1873 4718 1955 4790 dene,
1980 4735 2068 4798 parce
2096 4719 2300 4792 metuentibus,

1395 4818 1553 4900 propitiare
1567 4814 1756 4892 supplicibus,
1770 4822 1800 4873 et
1819 4814 1932 4873 mittere
1947 4813 2075 4890 digneris
2095 4824 2230 4873 sanctum
2247 4833 2300 4872 an·

1396 4914 1496 4992 gelum
1524 4920 1606 4969 tuum
1635 4909 1672 4969 de
1700 4908 1778 4982 celis,
1810 4908 1859 4986 qui
1888 4908 2053 4980 benedicat,
2081 4917 2111 4967 et
2139 4908 2301 4968 sanctificet

1397 5009 1509 5069 cineres
1531 5005 1613 5075 istos,
1635 5012 1666 5061 ut
1688 5005 1746 5062 sint
1767 5002 1928 5062 remedium
1951 5003 2065 5062 salubre
2087 5003 2226 5061 omnibus
2247 5019 2300 5061 no·

1397 5121 1466 5163 men
1481 5112 1564 5160 tuum
1583 5097 1730 5157 humiliter
1743 5097 1966 5175 implorantibus
1975 5115 1983 5170 ;
2006 5115 2041 5156 ac
2057 5097 2232 5173 semetipsos
2246 5114 2305 5175 pru

1398 5194 1577 5258 conscientia
1612 5192 1785 5252 delictorum
1820 5209 1940 5252 suorum
1972 5191 2184 5264 accusantibus,
2214 5201 2302 5268 atque

1398 5301 1466 5353 ante
1488 5297 1682 5364 conspectum
1707 5286 1805 5361 diuinq
1830 5286 1992 5346 clementiae
2016 5297 2064 5360 tue
2089 5285 2220 5345 facinora
2248 5303 2302 5345 sua

1399 5382 1625 5464 deplorantibus,
1646 5380 1715 5440 uel’
1737 5379 2038 5460 serenissimamlque)
2060 5381 2198 5458 pietatem
2220 5392 2303 5442 tuam

1908 5583 2205 5649 'Rp-49JS·P·133·

1431 5587 1441 5618 l

1436 5667 1446 5698 ³
1459 5587 1600 5732 ἓτεῗεὲῗγ
1611 5665 1654 5716 the
1665 5663 1728 5716 later
1739 5663 1806 5716 hand
1818 5663 1901 5714 which
1912 5662 1957 5713 bas
1968 5662 2049 5714 added
2063 5661 2141 5728 ‘que’
