5122 6610
391 633 457 704 132
722 611 771 698 ὦ·
789 612 962 708 Minui·
1610 617 1659 703 ὦ.
1678 617 1835 702 turmis
1852 617 1969 711 &post

387 814 449 878 tari
459 815 549 896 quod
559 813 704 890 colimus,
716 823 752 879 ut
762 814 926 880 discamus
935 824 969 880 et
978 815 1128 881 inimicos
1138 817 1284 901 diligere,
1385 817 1462 902 Quo
1478 817 1548 884 eius
1564 826 1598 884 et
1614 817 1772 901 exemplo
1787 816 1930 882 roborati
1954 825 1989 883 et
2008 816 2240 884 intercessione

387 913 464 996 quia
476 914 546 978 eius
558 913 708 979 natalitia
720 913 925 979 celebramus
936 915 993 998 qui
1009 917 1101 980 nouit
1114 917 1213 982 etiam
1226 938 1287 1001 pro
1341 919 1458 982 muniti
1473 919 1516 982 ab
1539 938 1588 996 eo,
1603 937 1702 1001 quem
1725 917 1780 981 ille
1796 936 1816 981 a
1831 917 1959 982 dextris
1973 917 2027 981 dei
2050 917 2135 982 uidit
2149 927 2239 982 stan·

385 1014 649 1097 persecutoribus
660 1034 799 1078 exorare
810 1014 984 1078 dominum
997 1025 1146 1080 nostrum
1160 1017 1286 1081 ihesum
1340 1027 1419 1096 tem,
1434 1017 1626 1083 mereamini
1641 1016 1803 1082 benedici.
1846 1015 1969 1080 Amen.

386 1113 552 1179 christum.
597 1111 663 1196 Qui
679 1121 815 1179 tecum.⁷
1384 1115 1484 1200 Quod
1506 1118 1577 1201 ipse
1599 1124 1723 1200 prestet
1740 1117 1832 1181 cuius
1854 1136 1992 1200 regnum
2009 1126 2043 1181 et
2065 1117 2237 1200 imperium

1340 1216 1411 1280 sine
1426 1217 1493 1281 fine
1507 1227 1681 1300 permanet
1696 1217 1729 1280 in
1742 1216 1863 1282 saecula
1874 1217 2078 1282 saeculorum.
2116 1217 2237 1283 Amen.

767 1264 907 1332 'secreta’
1384 1316 1577 1381 Benedictio
1586 1314 1608 1376 ¹.

430 1371 577 1460 Suscipe,
588 1398 776 1462 quesumus,
785 1379 928 1458 domine,
939 1399 1077 1443 munera
1086 1399 1146 1462 pro
1155 1389 1286 1444 tuorum

385 1479 700 1543 commemoratione
716 1489 913 1555 sanctorum,
932 1488 969 1543 ut
983 1479 1062 1562 quia
1080 1478 1155 1544 illos
1176 1480 1287 1563 passio

384 1577 545 1660 gloriosos
563 1578 663 1643 efficit
678 1588 712 1643 et
731 1579 922 1644 innocentes
941 1600 1002 1643 uos
1017 1579 1153 1644 deuotio
1169 1580 1286 1644 reddat
1401 1559 1470 1628 ml·
1488 1561 1548 1627 llll·
1565 1563 1623 1626 lm
1644 1561 1758 1628 Milli
1779 1562 1874 1627 “Rufii
1893 1561 2028 1640 lfllsssssslss
2050 1563 2176 1645 apostoli

386 1678 552 1743 innocuos.
598 1678 683 1742 Per.⁷
1653 1664 1681 1724 rt
1702 1657 1913 1740 euangelista&

753 1806 915 1890 Prefatio.
1382 1790 1598 1856 Eccnnsmu
1608 1805 1725 1872 sunu,
1735 1805 1893 1869 nonnus,
1905 1804 2093 1858 saurouus
2103 1790 2236 1871 illustra,

429 1920 472 1986 U·
486 1920 528 1986 D·
541 1931 664 1986 ὅπως
674 1921 766 1986 (18113,
798 1922 893 1987 Beati
906 1920 1059 2005 stephani
1070 1921 1172 2005 lenite
1187 1921 1285 1985 simul
1338 1900 1375 1955 ut
1387 1891 1475 1956 beati
1491 1891 1642 1956 iohannis
1659 1891 1870 1976 euangelistae
1886 1892 2071 1957 illuminata
2082 1891 2236 1957 doctrinis

385 2031 419 2084 et
431 2021 584 2103 martyris
598 2020 749 2086 natalitia
764 2020 954 2096 recolentes,
967 2020 1035 2106 Qui
1051 2021 1137 2097 fidei,
1150 2021 1207 2104 qui
1223 2018 1286 2108 (et)
1337 1993 1380 2056 ad
1397 1992 1484 2056 ‘³⁰³³
1499 1992 1672 2074 perueniat
1688 1993 1898 2075 Seml'stema·
1945 1991 2030 2056 Peri

384 2140 486 2185 sacrae
518 2120 653 2197 militiae,
684 2120 741 2203 qui
771 2121 1027 2203 dispensationis
1056 2130 1091 2185 et
1124 2121 1285 2185 castitatis
1715 2141 1854 2208 Secreta,

385 2223 534 2306 egregiae,
571 2222 629 2304 qui
670 2221 903 2304 predicationis
946 2220 1170 2304 mirabilisque
1207 2241 1286 2285 cou—
1382 2266 1528 2350 suscipe’
1561 2268 1704 2345 domine,
1735 2286 1871 2331 munera
1907 2286 1983 2349 quae
2014 2267 2048 2329 in
2078 2268 2148 2331 eius
2177 2266 2236 2332 tibi

1337 2367 1583 2450 sollempnitate
1612 2365 1798 2444 deferimus,
1827 2366 1920 2432 cuius
1950 2387 2011 2430 nos
2041 2364 2237 2430 confidimus

1337 2466 1519 2551 patrocinio
1541 2465 1678 2531 liberari.
1724 2465 1810 2530 Per.t

384 2323 525 2398 stantiae,
549 2322 606 2404 qui
629 2320 842 2386 consessionis
865 2341 904 2386 ac
926 2322 1086 2405 patientie
1109 2320 1203 2385 nobis
1225 2341 1285 2383 ex·

384 2421 495 2504 empla
506 2421 695 2485 ueneranda
713 2421 892 2503 proposuit.
931 2421 976 2485 Et
988 2421 1064 2484 ideo
1076 2421 1284 2486 natiuitatem

384 2520 443 2584 filii
458 2521 506 2584 tui
523 2522 642 2585 merito
657 2540 715 2604 pre
730 2521 846 2585 ceteris
857 2521 1018 2603 passionis
1034 2540 1093 2583 sue
1104 2518 1285 2584 sestiuitate

385 2619 599 2704 prosequitur,
638 2620 730 2684 cuius
767 2619 881 2703 gloriae
918 2619 1119 2703 sempiterne
1159 2620 1285 2702 primus
1700 2615 1872 2698 Proefatr'o.

385 2728 511 2802 martyr
524 2719 674 2784 Occurrit·
721 2719 783 2783 Pes
798 2719 956 2784 Christum
967 2717 988 2783 ¹·
1383 2743 1427 2809 U.
1459 2743 1503 2807 D.
1533 2752 1657 2807 aeterne
1686 2743 1779 2806 deus.
1828 2741 1923 2806 Beati
1953 2740 2094 2824 apostoli
2124 2741 2172 2805 tui
2202 2752 2236 2806 et

701 2869 763 2933 Ad
779 2869 1009 2952 complendum·
1338 2844 1540 2929 euangeliste
1565 2844 1716 2908 iohannis
1742 2842 1892 2907 natalitia
1917 2852 2114 2908 uenerantes
2123 2841 2145 2918 ⁸,
2171 2845 2236 2925 qui,

427 2982 644 3048 Auxilientur
666 2983 771 3062 nobis,
793 2983 936 3062 domine,
959 2991 1094 3065 sumpta
1120 2982 1285 3063 mysteria,
1338 2945 1463 3009 domini
1496 2943 1599 3008 nostri
1630 2943 1722 3007 ihesu
1753 2941 1865 3007 christi
1896 2940 1953 3006 filii
1983 2943 2032 3006 tui
2062 2943 2237 3007 uocatione

385 3093 427 3161 et,
456 3085 682 3149 intercedente
719 3083 820 3147 beato
849 3083 1014 3166 stephano
1042 3089 1286 3166 protomartyre
1338 3041 1523 3158 sumptae„
1534 3043 1640 3108 sactus
1655 3063 1700 3158 fx
1715 3042 1879 3156 Pi⁵⁰²t⁰¹⁰
1893 3041 2081 3156 dil'ffipulus’
2093 3040 2237 3156 humane

1226 3191 1240 3230 γ
1339 3143 1475 3208 modum
1490 3144 1745 3226 dispensatroms
1760 3141 1936 3219 excedens,
1951 3160 2058 3224 rpsam
2074 3141 2166 3205 uerbr
2187 3150 2236 3206 tur

384 3194 452 3260 tuo,
469 3184 670 3266 sempiterna
683 3183 890 3265 protectione
905 3181 1109 3247 confirment.
1155 3180 1225 3244 Per.
1356 3245 1362 3260 ,
1575 3245 1583 3260 ‚
1638 3243 1645 3258 ,
1932 3241 1939 3256 ,

1337 3265 1408 3309 srne
1422 3254 1515 3309 rurtro
1530 3239 1747 3330 dertatrslem)
1762 3262 1821 3325 pre
1841 3251 1958 3306 ceterrs
1979 3251 2013 3305 et
2031 3249 2143 3305 mente
2160 3259 2236 3304 con-

788 3331 881 3396 silia·
1336 3344 1487 3428 spiceret,
1500 3355 1534 3409 et
1548 3363 1631 3407 uoce
1645 3341 1814 3425 proferret.
1845 3339 1934 3424 Quia
1950 3341 1983 3404 in
1995 3339 2154 3423 principio
2166 3348 2237 3404 erat

429 3445 652 3530 Omnipotens
681 3445 881 3528 sempiterne
911 3445 1002 3522 deus,
1034 3445 1090 3527 qui
1124 3443 1285 3528 primitias
1337 3443 1484 3520 uerbum,
1498 3452 1532 3507 et
1547 3441 1686 3506 uerbum
1702 3449 1773 3506 erat
1787 3441 1876 3524 apud
1892 3441 2001 3516 deum,
2019 3447 2052 3504 et
2068 3438 2152 3504 deus
2167 3449 2236 3504 erat

386 3555 569 3630 martyrum
592 3546 626 3609 in
647 3545 738 3610 beati
760 3544 862 3628 lenite
879 3544 1032 3627 stephani
1053 3545 1212 3628 sanguine
1227 3546 1284 3610 de·
1336 3543 1485 3608 uerbum.
1531 3542 1594 3608 Per
1606 3562 1708 3625 quem
1724 3538 1798 3626 (uel,
1816 3541 1862 3605 Et
1878 3537 1969 3626 ideo)
1978 3537 2000 3604 ⁶.

386 3644 512 3723 dicasti,
523 3646 639 3724 tribue,
651 3664 839 3727 quesumus,
852 3654 889 3709 ut
904 3664 964 3728 pro
980 3642 1075 3709 nobis
1091 3644 1285 3710 intercessor

386 3746 510 3810 existat
525 3744 582 3826 qui
598 3764 658 3826 pro
672 3743 740 3808 suis
754 3743 858 3820 ‚etiam
882 3744 1143 3828 persecutoribus
1167 3765 1284 3810 exora·
1475 3817 1483 3832 .
1753 3815 1761 3831 ,
1965 3814 1973 3828 ‚
2084 3813 2092 3830 ,

386 3845 436 3910 uit
462 3845 633 3909 dominum
663 3853 812 3908 nostrum
841 3842 969 3908 ihesum
996 3844 1154 3908 christum
1181 3843 1285 3908 filium
1382 3817 1603 3902 0fflss¹P⁰te¹¹⁸
1624 3815 1706 3882 ‘1²⁰⁸
1728 3816 1883 3899 ‘ignetur
1897 3815 1992 3879 ¹¹⁰b¹⁸
2007 3833 2066 3897 9⁶¹
2084 3823 2236 3879 merces·

386 3956 490 4025 tuum,
505 3945 561 4026 qui
577 3954 688 4009 tecum
704 3944 808 4007 uiuit.⁷

1688 3689 1882 3756 Benedictio.

1370 4015 1379 4046 ¹
1396 4014 1428 4065 Ο.
1440 4029 1465 4078 p.
1477 4012 1535 4077 3⁶3·

786 4094 879 4160 Alia.
1369 4093 1423 4144 Ἀ.
1436 4089 1569 4143 inmedio.
1847 4101 1891 4140 or.
1903 4089 2001 4140 Bonum
2012 4095 2058 4141 est.

430 4207 533 4284 Deus,
549 4209 605 4290 qui
621 4228 682 4272 nos
697 4208 856 4291 unigeniti
871 4209 920 4272 tui
936 4207 1117 4274 elementer
1136 4207 1284 4274 incama-
1397 4171 1602 4301 {sffiuffi'
1847 4167 2141 4310 {J'ffiffitm

385 4311 477 4374 tione
492 4307 669 4381 redemisti,
686 4308 730 4372 da
745 4307 840 4371 nobis
859 4309 1042 4392 patrocinia
1059 4318 1191 4373 tuorum
1207 4330 1284 4374 con·
1397 4340 1424 4380 v.
1437 4327 1486 4378 sed
1498 4326 1519 4376 si
1531 4342 1586 4377 eum
1599 4325 1667 4376 uolo.
1847 4337 1892 4374 av.
1904 4325 1975 4374 Dixit
1994 4315 2077 4375 lherm
2096 4333 2175 4392 petro,
2194 4324 2236 4376 Se

387 4410 514 4474 tinuata
528 4416 724 4484 sanctorum,
741 4408 861 4490 quibus
875 4428 993 4492 capere
1006 4408 1176 4473 ualeamus
1199 4409 1284 4473 salu-
1398 4419 1442 4458 Ala
1454 4405 1507 4455 Hic
1516 4412 1555 4455 θεῖ
1566 4403 1710 4469 discipulus.
1929 4417 2004 4468 quere
2014 4403 2075 4466 me).

387 4508 467 4573 taris
482 4507 630 4590 mysterii
649 4508 843 4591 portionem.
890 4506 952 4571 Per
966 4509 1134 4574 eundern
1370 4489 1381 4598 J
1397 4485 1808 4618 {effiginam-terrenum
1824 4560 1919 4625 respuit
1935 4566 2040 4624 panem,
2057 4567 2086 4610 ur
2101 4567 2186 4626 posset
2202 4559 2237 4609 in-

742 4668 932 4734 Bmdistio·
1338 4645 1421 4736 uenirp
1433 4643 1580 4734 'caelestem
1603 4641 1709 4729 adeptus
1728 4640 1754 4690 in
1773 4654 1850 4766 rpgno
1868 4637 1985 4688 caelorum
2002 4637 2091 4766 tsedemt
2106 4638 2237 4728 apostolici

431 4783 533 4862 Deus,
548 4783 604 4866 qui
627 4783 763 4847 beatum
786 4780 984 4865 stephanum
1006 4795 1286 4867 protomartyrem
1338 4716 2237 4870 {pernaspppgetpptountrupppcffipprpppteeptpspirltcffipeprpdmpss

388 4884 558 4949 coronauit
577 4893 610 4948 et
624 4883 828 4948 consessione
843 4882 920 4947 fidei
943 4893 977 4948 et
1001 4905 1109 4968 agone
1130 4885 1287 4967 martyrii,
1338 4881 1426 4948 gratiae
1441 4877 1584 4928 muneribus
1600 4877 1762 4942 adprobatus,
1779 4881 1807 4924 ut
1824 4889 1882 4924 eum
1902 4873 1969 4922 roem
1986 4873 2102 4923 dominus
2121 4873 2147 4922 5¹¹
2167 4887 2237 4924 ⁰¹¹¹oe

389 4993 517 5048 mentes
539 4993 666 5047 uestras
687 4983 868 5047 circumdet
891 4983 980 5046 etin
1005 4985 1150 5067 presenti
1175 4984 1287 5048 seculo
1338 4951 2238 5099 ffi‘¹³⁰3mgnmffmzufnffgffffifflffiffiffi“effi

389 5099 510 5147 corona
536 5083 677 5158 iustitie,
707 5091 740 5146 et
766 5081 801 5144 in
830 5081 939 5147 futuro
964 5086 1127 5166 perducat
1153 5104 1214 5148 uos
1243 5082 1286 5146 ad
1339 5114 1470 5181 uirginitrs
1492 5111 1634 5164 desenrirer.
1680 5110 1749 5160 Nam
1768 5117 1793 5160 et
1812 5109 1837 5159 5„
1857 5123 1934 5159 mma
1952 5109 2063 5174 mystice
2082 5116 2238 5160 nanneto

389 5202 544 5247 coronam
559 5181 682 5265 gloriae.
726 5179 849 5246 Amen.
1339 5193 1464 5248 conuiuio.
1485 5207 1558 5258 super
1583 5189 1665 5255 ipsum
1687 5189 1746 5238 uitae
1767 5187 1870 5245 iontem,
1894 5197 2012 5238 aeternum
2034 5187 2128 5238 scilicet
2153 5193 2239 5252 pectus

433 5281 527 5346 Illius
557 5282 696 5347 obtentu
727 5282 850 5346 tribuat
880 5281 975 5347 uobis
1005 5282 1059 5347 dei
1084 5291 1118 5347 et
1144 5281 1289 5367 proximi
1339 5263 2241 5412 {iffiffiuffgfolzffizffpffizlits‘fsffiffsscffif

389 5383 526 5447 caritate
556 5401 688 5465 semper
724 5382 914 5458 exubemre’
945 5383 1001 5465 qni
1038 5381 1125 5446 hanc
1162 5381 1289 5446 studim
1341 5428 1450 5480 tionibus
1462 5435 1500 5478 est
1511 5426 1629 5487 imbutus,
1643 5431 1670 5474 ut
1682 5438 1781 5474 omnem
1793 5423 1974 5488 transgrediens
1985 5429 2132 5483 creaturam,
2144 5421 2242 5474 excelsa

391 5483 492 5546 etiam
501 5482 585 5546 inter
596 5481 814 5566 lapidantium
824 5482 967 5565 impetus
976 5481 1136 5566 optinere.
1164 5479 1289 5546 Amen.
1342 5515 1424 5558 mente
1440 5505 1601 5570 conspiceret,
1618 5509 1644 5554 et
1661 5501 1806 5568 euangelica
1822 5517 1885 5553 uoce
1907 5501 2027 5568 proferret
2047 5501 2114 5567 quod
2132 5501 2158 5550 in
2176 5501 2241 5566 prin-

1343 5589 1411 5655 cipio
1423 5592 1444 5637 tr
1456 5594 1487 5636 ut
1496 5592 1581 5650 supra.

753 5670 763 5701 ¹
778 5671 811 5725 Ο.
822 5689 847 5740 p.
861 5686 916 5740 ²9¹·
1376 5667 1386 5699 ⁶
1402 5665 1435 5716 O.
1448 5680 1473 5730 p.
1489 5677 1545 5732 ²9²·
1556 5663 1632 5715 down
1643 5669 1671 5714 to
1683 5668 1807 5726 suscepte.
