5122 6610
525 622 582 699 sse
598 624 696 701 tutta
715 623 940 698 caumatum.
1361 620 2000 717 animumanimumum.
2063 641 2132 720 177

660 822 799 890 Secreta.
1235 841 1307 888 rore
1329 831 1459 888 nostras
1480 821 1616 906 purifica
1638 823 1863 909 cogitationes,
1877 833 1914 889 ut
1931 833 1999 889 tuae
2015 825 2132 890 maies-

328 949 437 1027 Mitte,
465 950 608 1026 domine,
631 968 820 1032 quesumus,
846 947 998 1032 spiritum
1020 957 1182 1027 sanctum,
1233 923 1295 987 tati
1318 923 1419 1006 digna
1439 925 1622 1007 ⁶0gst⁶mu⁵
1644 934 1679 991 et
1699 944 1847 1010 agam·
1893 924 1955 990 Pes
1975 924 2132 991 Christum

286 1052 341 1133 qui
357 1059 390 1115 et
405 1049 477 1114 haec
500 1069 637 1113 munera
655 1048 831 1131 prasentia
845 1057 959 1113 nostra
973 1056 1068 1112 tuum
1086 1048 1182 1112 nobis
1233 1023 1406 1088 d0ml¹¹¹¹m
1422 1033 1580 1089 ¹¹0⁵thOE-

285 1149 403 1216 efficiat
428 1157 679 1226 sacramentum,
705 1157 740 1213 et
769 1149 812 1212 ad
842 1147 905 1213 hoc
935 1149 1181 1232 percipiendum
1528 1191 1590 1257 Ad
1607 1192 1834 1277 commum·

285 1250 385 1315 corda
399 1258 514 1315 nostra
528 1247 688 1333 purificet.
733 1246 824 1314 Per¹.

1276 1328 1482 1395 Sacrificium
1500 1330 1617 1395 salutis
1640 1340 1761 1396 nostrae
1777 1329 1838 1396 tibi
1856 1330 2041 1408 offerentes,
2055 1349 2132 1394 con·

645 1420 819 1503 Proesatio.
1232 1429 1313 1494 cede
1344 1430 1449 1506 nobis,
1475 1429 1610 1495 domine
1639 1430 1730 1510 deus,
1757 1430 1937 1514 purificatis
1966 1430 2132 1496 mentibus

325 1549 370 1616 U,
394 1548 437 1612 D,
461 1569 519 1633 per
542 1546 701 1613 christum
719 1548 892 1615 dominum
914 1555 1073 1611 nostrum,
1119 1546 1181 1610 Per
1231 1529 1342 1612 sepius
1355 1538 1413 1613 tue
1428 1531 1561 1614 pietatis
1577 1530 1743 1596 celebrare
1761 1532 1965 1614 mysterium.
2004 1530 2067 1595 Per
2075 1527 2095 1594 ¹.

282 1669 380 1733 quem
404 1647 573 1732 discipulis
597 1649 730 1731 spiritus
756 1656 890 1712 sanctus
912 1647 946 1710 in
968 1653 1056 1710 terra
1083 1645 1181 1711 datur

283 1750 325 1814 ob
340 1748 552 1814 dilectionem
568 1748 724 1831 proximi,
736 1755 770 1812 et
781 1747 825 1811 de
840 1745 911 1828 celo
927 1745 1068 1810 mittitur
1082 1766 1181 1830 prop·
1540 1713 1602 1777 Ad
1613 1713 1781 1797 populum·

282 1857 332 1914 ter
345 1848 556 1915 dilectionem
572 1848 630 1912 tui.
676 1847 780 1913 Cuius
799 1844 961 1910 infusione
976 1846 1129 1929 petimus,
1143 1856 1180 1911 ut
1277 1852 1440 1934 Concede,
1452 1876 1640 1939 quesumus,
1656 1857 1866 1939 omnipotens
1877 1855 1968 1935 deus,
1981 1856 2131 1939 spiritum

283 1949 315 2013 in
336 1949 433 2014 nobis
459 1956 671 2032 peccatorum
693 1946 808 2011 sordes
830 1955 959 2024 exurat,
980 1945 1029 2010 tui
1059 1947 1180 2011 amoris
1232 1963 1382 2019 sanctum
1413 1975 1474 2020 nos
1499 1956 1585 2021 uotis
1612 1956 1791 2040 promereri
1817 1954 1949 2034 sedulis,
1974 1955 2131 2039 quatinus

283 2049 391 2132 ignem
406 2049 537 2126 nutriat,
552 2057 587 2112 et
601 2045 814 2112 dilectiOssem
836 2044 1050 2112 fraternitatis
1064 2067 1180 2112 accen·
1232 2055 1301 2118 eius
1315 2056 1422 2137 gratia
1436 2056 1479 2118 ab
1495 2056 1648 2120 omnibus
1663 2054 1839 2120 liberemur
1850 2054 2132 2138 temptationibus,

284 2149 348 2213 dat·
392 2147 457 2213 Pes
471 2167 570 2232 ‘luem
586 2146 803 2212 maiestatem·
1232 2163 1266 2218 et
1293 2164 1505 2237 peccatomrn
1537 2164 1724 2220 nostrorum
1755 2154 1998 2239 indulgentiam
2028 2173 2133 2218 mere·

577 2333 640 2399 Ad
656 2332 877 2418 cmpkndum
1231 2274 1325 2318 amur
1338 2256 1496 2339 accipere.
1544 2255 1628 2321 Per.²

325 2471 486 2556 Spiritum
500 2433 610 2547 nobis,
625 2469 769 2544 domine,
784 2478 853 2533 tuae
869 2469 1014 2534 caritatis
1036 2468 1180 2548 infunde,

284 2583 319 2638 ut
344 2592 427 2656 quos
457 2591 524 2636 uno
549 2569 674 2636 caelesti
704 2588 791 2651 pane
820 2570 955 2649 satiasti,
984 2589 1049 2634 una
1078 2568 1180 2634 iacias
1380 2585 1429 2652 gn
1445 2588 1613 2667 ,mmmm
1630 2588 1774 2668 ,ugrum
1787 2588 1995 2671 ymanus·

282 2674 404 2757 pietate
418 2671 608 2737 concordes.
654 2669 739 2734 Pers

1277 2745 1477 2830 Perpetuum
1508 2745 1612 2825 nobis,
1643 2747 1786 2826 domine,
1815 2755 1883 2810 tuae
1913 2743 2132 2810 miserationis

608 2858 669 2924 Ad
679 2858 846 2943 populum.
1149 2855 1151 2862 ‘
1231 2855 1353 2928 praesta
1375 2845 1566 2925 subsidium,
1581 2847 1700 2929 quibus
1721 2857 1756 2912 et
1777 2844 1926 2930 angelica
1948 2844 2131 2927 praestitisti

326 2987 428 3062 Deus,
444 2986 514 3050 uita
532 2982 689 3061 fidelium,
704 2982 810 3067 gloria
824 2982 998 3048 humilium
1019 2990 1055 3047 et
1075 2981 1180 3048 beati·
1231 2945 1386 3031 ΜΨ
1400 2966 1468 3012 ⁰⁰¹¹
1483 2946 1607 3012 deesse·
1654 2946 1717 3011 Pes
1732 2945 1904 3010 d⁰ml¹¹l¹¹¹¹
1919 2952 2071 3008 ”Ostium
2084 2942 2106 3008 ⁴·

283 3087 363 3152 tudo
378 3086 547 3159 iustorum,
559 3084 721 3168 propitius
735 3084 847 3167 accipe
859 3081 1044 3166 supplicum
1056 3102 1179 3166 preces,

285 3196 319 3252 ut
333 3187 453 3251 animae
468 3205 544 3268 quae
560 3183 793 3268 promissiones
815 3193 891 3248 tuas
912 3183 1026 3247 sitiunt
1048 3184 1091 3248 de
1112 3192 1180 3247 tuae
1611 3127 1750 3192 sem·

285 3306 413 3370 semper
427 3284 573 3350 caritatis
588 3280 844 3370 (h)abundantia
860 3282 1055 3367 repleantur.
1109 3282 1179 3348 Per.
1276 3267 1415 3332 HOStiaS
1432 3266 1502 3342 tibi,
1519 3266 1664 3343 domine,
1684 3266 1791 3330 laudis
1813 3262 1989 3342 offerimus,
2005 3263 2131 3346 suppli·

1209 3399 1213 3406 ·
1232 3366 1312 3431 citer
1327 3367 1551 3449 deprecantes,
1565 3375 1602 3431 ut
1625 3365 1759 3430 easdem
1780 3363 1932 3448 angelico
1953 3383 2014 3446 pro
2036 3362 2131 3427 nobis

1232 3467 1469 3531 interueniente
1483 3464 1647 3548 suffragio,
1659 3473 1693 3529 et
1708 3464 1858 3548 placatus
1872 3463 2021 3545 accipias,
2038 3472 2072 3529 et
2087 3464 2130 3527 ad

371 3570 485 3647 fflinaa
500 3574 534 3636 112
551 3571 644 3636 tatuit
661 3570 863 3634 mutuatione
879 3587 930 3650 pst
945 3570 1085 3652 spirituus
1231 3565 1374 3630 salutem
1389 3574 1537 3631 nostram
1553 3566 1726 3648 prouenire
1740 3563 1912 3629 concedas.
1958 3561 2020 3627 Per
2030 3574 2052 3628 ,ν

552 3667 687 3728 nannum
702 3663 882 3745 postulante
888 3669 910 3728 ³.

325 3798 427 3876 Deus,
448 3798 500 3862 cui
516 3816 616 3862 omne
633 3815 689 3861 cor
709 3804 812 3880 patet,
836 3804 871 3862 et
895 3796 1003 3861 omnis
1025 3795 1180 3862 uoluntas
1594 3743 1767 3827 Pmsam·

281 3896 433 3980 loquitur,
455 3905 490 3962 et
513 3896 639 3961 nullum
661 3895 745 3961 latet
767 3905 941 3976 secretum,
963 3895 1099 3979 purifica
1121 3915 1180 3979 per
1277 3882 1321 3948 U.
1335 3882 1378 3948 D.
1393 3891 1516 3948 aeteme
1531 3882 1623 3948 deus.
1669 3881 1831 3966 Quamuis
1847 3881 1935 3946 enim
1950 3879 2037 3945 illius
2054 3879 2130 3944 sub-

282 3997 476 4061 iniusionem
509 3995 615 4062 sancti
646 3996 779 4079 spiritus
817 3995 1035 4080 cogitationes
1072 3996 1179 4061 cordis
1231 3982 1317 4049 limis
1336 3981 1485 4066 angelice
1506 3983 1700 4047 substantiae
1716 3982 1759 4047 sit
1773 3981 1935 4047 habitatio
1950 4000 2081 4063 semper
2096 3980 2129 4044 in

281 4098 391 4174 nostri,
414 4104 453 4161 ut
474 4095 619 4180 perfecte
642 4104 677 4160 te
699 4094 843 4179 diligere,
866 4105 901 4162 et
922 4096 1023 4178 digne
1044 4094 1179 4160 laudare
1230 4083 1328 4159 caelis‚
1343 4092 1476 4148 tuorum
1498 4092 1612 4148 tamen
1634 4080 1782 4147 fidelium
1804 4079 1964 4165 presumit
1983 4079 2130 4158 affectus,

283 4216 474 4262 mereamur.
520 4197 591 4262 Per,
643 4195 684 4260 In
714 4196 841 4261 unitate
870 4197 1018 4261 eiusdem
1046 4196 1179 4278 spiritus
1230 4203 1290 4267 pro
1306 4193 1373 4248 tuae
1390 4183 1573 4247 reuerentia
1592 4182 1775 4265 potestatis,
1792 4201 1851 4264 per
1864 4180 1927 4245 hec
1943 4180 2007 4262 piae
2027 4179 2129 4244 deuo·

281 4296 417 4362 sanctia
1229 4284 1329 4349 tionis
1350 4282 1457 4348 officia
1478 4282 1648 4366 quoddam
1666 4282 1806 4346 retinere
1828 4281 1948 4365 pignus
1969 4281 2003 4344 in
2025 4281 2129 4358 terris,

660 4381 799 4448 Secreta.
1229 4384 1432 4449 adstantium
1448 4382 1481 4446 in
1497 4390 1675 4463 conspectu
1690 4390 1748 4446 tuo
1764 4380 1883 4464 iugiter
1898 4379 2128 4444 ministrorum.

324 4508 408 4573 Haec
431 4506 564 4586 oblatio,
586 4507 721 4573 domine
743 4509 834 4587 deus,
855 4506 962 4573 cordis
985 4507 1086 4572 nostri
1108 4527 1178 4572 ma·
1232 4484 1296 4549 Pes
1310 4481 1469 4548 christum
1485 4480 1657 4546 d⁰mi¹¹⁰m
1673 4489 1831 4546 mitium·

281 4607 370 4673 culas
385 4608 552 4688 emundet,
567 4617 605 4673 ut
620 4608 725 4673 sancti
740 4609 874 4692 spiritus
897 4607 998 4692 digna
1021 4607 1179 4673 efficiatur

281 4705 453 4772 habitatio.
499 4706 562 4772 Per
570 4705 593 4771 ⁴.
796 4751 799 4758 .
1524 4672 1586 4740 Ad
1602 4670 1828 4757 cmplmdum.

642 4793 816 4878 Proesa‘i‘i·
1274 4816 1417 4902 Repleti‚
1440 4814 1583 4894 domine,
1604 4811 1835 4878 benedictione
1857 4809 1980 4875 caelesti
2002 4807 2128 4892 suppli-

322 4917 366 4984 U.
383 4917 426 4984 D.
441 4925 565 4983 aeteme
579 4917 671 4983 deus.
708 4917 776 5002 Qui
791 4916 923 5002 inspicis
938 4917 1178 5002 cogitationum
1230 4918 1311 4984 citer
1340 4914 1563 5001 imploramus,
1593 4920 1631 4978 ut
1666 4911 1756 4994 quod
1786 4909 1893 4993 fragili
1922 4909 2127 4973 celebramus

280 5025 414 5094 secreta,
437 5027 471 5082 et
493 5018 601 5082 omnis
623 5027 744 5083 nostrae
767 5018 885 5083 mentis
907 5017 1046 5084 intentio
1069 5020 1177 5102 proui-
1228 5017 1345 5096 officio,
1374 5025 1563 5080 sanctorum
1600 5010 1872 5096 archangelorum
1912 5007 2127 5092 omniumque

280 5117 401 5182 dentiae
422 5125 490 5181 tuae
512 5117 653 5200 patescit
675 5119 806 5184 intuitu.
852 5118 996 5201 Respice
1017 5119 1178 5201 propitius
1229 5117 1409 5183 caelestium
1442 5115 1602 5178 uirtutum
1632 5111 1728 5176 nobis
1756 5110 1913 5193 prodesse
1946 5107 2126 5172 sentiamus

279 5216 421 5282 archana
448 5217 556 5282 cordis
581 5215 685 5283 nostri
710 5216 838 5296 cubilia,
861 5227 895 5282 et
919 5217 1023 5282 sancti
1045 5218 1177 5301 spiritus
1228 5215 1360 5283 auxilio.
1406 5215 1491 5278 Pera

311 5437 473 5503 Ἦμεν·
1260 5433 1312 5486 ¹s.
1323 5449 1348 5499 p.
1362 5433 1433 5497 qur.
1530 5422 2069 5490 ‘summonucmreunntp.24.·

308 5516 319 5549 ⁸
335 5515 469 5582 Compiled
486 5516 520 5581 by
533 5515 634 5567 Alcnin.
667 5514 723 5565 The
739 5515 795 5566 title
811 5513 840 5566 ol
854 5514 905 5566 this
922 5514 1002 5566 Missa
1018 5514 1043 5565 in
1056 5514 1082 5567 S.
1097 5514 1118 5566 is
1133 5515 1178 5566 Ad
1258 5512 1269 5544 ⁸
1286 5509 1418 5577 Compiled
1429 5510 1463 5574 by
1474 5507 1574 5559 Alcuiu.
1607 5503 1670 5556 This
1681 5503 1795 5556 Misenis
1811 5500 1915 5554 eanfled
1925 5500 1952 5552 in
1962 5501 1987 5553 S.
2000 5501 2081 5553 Missa
2095 5502 2127 5554 de

276 5595 444 5649 insooendnm
453 5595 561 5661 gratiam
571 5594 768 5661 spiritnssaneti,
781 5609 806 5660 p.
820 5594 892 5661 787⁸.
1227 5590 1328 5656 angelis,
1340 5589 1366 5641 S.
1378 5606 1403 5656 p.
1415 5589 1488 5652 738⁹.

309 5677 319 5709 ⁸
335 5673 367 5726 0·
380 5691 406 5742 p·
418 5673 481 5738 383³
497 5673 529 5726 lt
540 5671 568 5727 s.
580 5689 623 5739 np-
636 5683 691 5740 579.
706 5673 777 5738 tur.
937 5669 947 5702 ¹
962 5670 1025 5737 sp.
1038 5671 1109 5737 μμ.
1260 5670 1270 5700 ⁴
1287 5669 1342 5722 ou.
1354 5685 1379 5737 p.
1390 5666 1455 5735 6693
1466 5665 1498 5717 v.
1510 5680 1534 5731 p.
1545 5661 1602 5729 38⁶.

1829 5759 1854 5809 A
1869 5766 1890 5811 a
