5122 6610
161 5185 164 5198 ’
272 5173 323 5225 ’a
335 5175 372 5226 Os
383 5174 441 5224 iusti
452 5173 622 5227 meditabitur.

580 577 627 665 ᾖ.
646 578 800 664 autumet.

244 802 323 860 mus,
347 776 490 859 domine,
510 777 751 864 supplicatione
773 779 934 864 placatus,
952 788 987 846 et
1009 779 1140 846 ueniam

244 882 336 946 nobis
364 881 483 964 tribue,
512 887 547 947 et
579 879 726 947 remedia
755 880 956 964 sempiterna
985 881 1141 946 concede.

244 982 305 1048 Per
314 979 335 1050 ¹.

573 1109 635 1176 Ad
647 1110 811 1195 populum.

285 1252 421 1326 Praesta,
444 1270 632 1333 quesumus,
655 1251 868 1333 omnipotens
895 1249 987 1330 deus,
1016 1258 1054 1316 ut
1084 1249 1142 1335 qui

244 1352 362 1437 iugiter
382 1351 565 1435 apostolica
586 1350 779 1417 defensione
802 1352 977 1432 munimur,
994 1373 1054 1418 nec
1070 1374 1142 1419 suc·

245 1454 438 1518 cumbamus
453 1452 550 1529 uitiis,
562 1472 622 1518 nec
638 1452 864 1536 opprimamur
877 1453 1034 1517 aduersis.
1081 1452 1143 1518 Per

242 1549 444 1619 dominum².

313 1867 369 1934 tl.
382 1867 442 1933 lruL
456 1871 509 1932 nrt.
549 1864 662 1931 Nutalr
676 1868 770 1932 uentu
784 1867 890 1945 mathai
907 1869 1033 1951 spretui
1047 1873 1075 1933 rt
1117 1819 1121 1832 Ι

588 1965 800 2044 euangelista&

286 2121 406 2186 Bsnm
428 2133 578 2185 Mearm
598 2135 881 2200 sunucsrrsrm,
896 2135 1056 2202 pomus,
1071 2143 1144 2207 pre-

243 2221 335 2288 cibus
349 2221 553 2299 adiuuemur,
568 2231 605 2286 ut
620 2223 710 2304 quod
730 2222 932 2307 possibilitas
948 2232 1061 2288 nostra
1076 2243 1143 2287 non

244 2320 379 2399 obtinet,
404 2319 476 2384 eius
502 2321 598 2387 nobis
623 2322 859 2388 intercessione
885 2321 1036 2388 donetur.
1082 2323 1144 2388 Per

243 2419 414 2485 dominum
423 2417 447 2487 ⁴.

619 2549 761 2616 Secreta.

285 2672 590 2758 Supplicationibus
601 2677 792 2760 apostolicis
806 2677 895 2743 beati
908 2675 1033 2743 mathei
1045 2695 1143 2742 euan-

242 2773 377 2859 gelistae,
409 2795 596 2858 quesumus,
618 2776 761 2858 domine,
784 2777 931 2843 ecclesiae
959 2787 1027 2842 tuae
1054 2797 1144 2842 com-

244 2872 560 2952 mendeturoblatio,
570 2875 661 2941 cuius
671 2878 855 2962 magnificis
863 2875 1143 2961 predicationibus

242 2972 395 3045 cruditur.
440 2975 503 3040 Per
511 2974 535 3042 ⁵.

602 3104 777 3189 Praefatio.

284 3228 327 3294 U.
352 3228 395 3294 D.
418 3237 541 3295 aeteme
566 3230 658 3296 deus.
702 3229 769 3314 Qui
795 3228 966 3297 ecclesiam
993 3238 1085 3295 tuam
1109 3227 1143 3293 in

243 3328 306 3394 tuis
328 3327 482 3393 fidelibus
504 3329 627 3413 ubique
644 3329 826 3414 pollentem
849 3330 1040 3414 apostolicis
1062 3328 1143 3393 iacis

242 3437 392 3492 constare
407 3428 573 3506 doctrinis,
586 3430 719 3509 Praesta‚
735 3450 920 3512 quesumus,
937 3439 974 3494 ut
985 3449 1045 3513 per
1059 3448 1143 3512 quos

242 3526 370 3592 initium
391 3526 504 3610 diuine
521 3529 717 3611 cognitionis
735 3529 872 3612 accepit,
888 3549 947 3612 per
964 3549 1021 3593 eos
1038 3547 1143 3611 usque

241 3623 274 3690 in
289 3626 390 3692 finem
405 3627 517 3692 saeculi
531 3628 642 3712 capiat
656 3629 749 3713 regni
763 3628 902 3695 caelestis
917 3637 1142 3712 augmentum.

243 3725 304 3791 Per
316 3726 475 3792 christum
485 3727 507 3792 ⁰.

542 3856 605 3922 Ad
614 3855 842 3940 complendum.

243 4033 246 4040 «
285 3992 461 4076 Perceptis,
480 3993 625 4071 domine,
644 3995 869 4073 sacramentis,
883 3994 984 4059 beato
1006 3991 1142 4059 matheo

240 4093 393 4176 apostolo
424 4101 482 4158 tuo
509 4103 545 4159 ct
572 4094 777 4178 euangelista
806 4093 1055 4173 interueniente,
1084 4094 1141 4158 de·

240 4212 412 4276 precamur
432 4202 469 4257 ut
485 4213 560 4276 quae
575 4214 636 4277 pro
659 4195 728 4258 eius
750 4193 917 4258 celebrata
939 4201 1016 4258 sunt
1037 4192 1143 4277 gloria

240 4291 335 4357 nobis
353 4291 526 4376 proficiant
541 4294 584 4357 ad
601 4293 777 4360 medelam.
822 4294 883 4358 Per
891 4293 914 4360 ⁷.

573 4518 803 4601 Admetum.

284 4656 346 4734 Sit,
360 4655 503 4731 domine,
513 4657 825 4739 quesumus,bcatus
836 4636 991 4722 matheus
1001 4677 1144 4741 euange-

239 4756 316 4822 lista
345 4763 467 4820 nostrae
494 4755 680 4839 fragilitatis
709 4756 870 4836 adiuutor,
892 4765 929 4820 ut
958 4776 1019 4840 pro
1048 4757 1143 4821 nobis

239 4856 301 4922 tibi
316 4854 506 4940 supplicans
521 4855 685 4938 copiosius
700 4856 863 4920 audiatur.
909 4855 971 4920 Per
980 4855 1002 4920 ⁸.

726 5095 737 5126 ¹
755 5095 805 5154 Ib.;
821 5095 909 5148 onall.

748 5185 792 5227 nr..
805 5174 886 5224 Iustus
897 5182 924 5226 ut
933 5175 1024 5237 palma.

749 5262 792 5303 os.
802 5253 920 5316 Posuisti,
932 5253 1040 5305 domine.

748 5341 791 5382 cu.
803 5331 897 5396 Magna
908 5339 945 5382 est
955 5331 1045 5398 gloria.

271 5095 282 5128 ¹
297 5096 327 5148 E.
340 5113 365 5163 p.
375 5110 432 5161 140,

297 5265 333 5304 rs
343 5252 407 5303 Noli
418 5251 530 5303 emulari.

296 5344 322 5382 n.
333 5331 426 5382 Beatus
437 5331 475 5380 uir
485 5329 527 5396 qui
539 5330 618 5384 timet.

297 5422 324 5461 v.
334 5409 427 5460 Potens
438 5408 463 5458 in
474 5415 546 5462 terra.

270 5486 282 5517 ⁴
296 5488 326 5538 F..
337 5504 363 5554 p.
374 5499 430 5552 140.

270 5565 281 5597 ⁸
296 5565 328 5617 0.
340 5582 365 5632 p.
378 5577 440 5630 3353
452 5564 484 5616 ll.
494 5563 537 5615 iol.
549 5577 593 5614 rar
605 5580 628 5615 a.
642 5565 669 5616 Z.

269 5641 281 5674 ¹
296 5643 326 5695 F.
337 5660 362 5711 p.
372 5641 476 5708 ¹403Y·
488 5641 585 5694 folin
596 5658 619 5693 e.

912 5486 922 5518 ⁵
937 5486 977 5539 Ib.

876 5640 887 5674 ⁸
904 5642 954 5702 Ib.;
970 5657 1017 5695 om.
1029 5643 1056 5695 Z.

1337 578 1424 668 ᾗῇ.
1441 579 1618 672 mauriti,
1637 587 1710 672 ur..
1730 581 1875 673 ursus,
1894 588 1952 660 tn.
2026 591 2093 661 161

1234 827 1339 896 §.tau
1353 833 1406 895 ort.
1448 829 1624 896 ernustum
1638 831 1778 904 murnai,
1793 833 1924 916 mapali,
1940 833 2061 908 unhul,
2097 835 2102 895 ζ

1486 929 1616 1001 astutia
1631 929 1783 994 innurmtii
1792 931 1813 994 ¹.

1226 1059 1327 1137 Deus,
1335 1059 1591 1144 quiesomnium
1602 1070 1791 1128 sanctorum
1801 1069 1932 1127 tuorum
1942 1062 2100 1146 splendor

1197 1160 1363 1240 mirabilis,
1386 1162 1509 1245 quique
1539 1160 1626 1226 hunc
1653 1161 1742 1226 diem
1770 1161 1803 1225 in
1832 1160 1957 1227 honore
1983 1163 2099 1228 beato-

1196 1281 1268 1326 rum
1302 1261 1457 1336 mauricii,
1490 1261 1665 1345 exsuperii,
1698 1260 1840 1340 candidi,
1873 1262 2014 1339 uictoris,
2049 1265 2099 1328 in·

1196 1361 1348 1439 nocentii,
1371 1369 1406 1426 et
1428 1359 1548 1434 uitalis,
1570 1381 1645 1425 cum
1668 1361 1764 1425 sociis
1791 1380 1914 1437 eorum,
1940 1365 2099 1446 martyrio

1196 1459 1403 1537 consecrasti,
1427 1461 1471 1526 da
1493 1461 1640 1528 ecclesiae
1662 1470 1728 1524 tuae
1755 1462 1798 1525 de
1827 1459 1978 1525 natalitio
2004 1470 2099 1527 tante

1196 1559 1383 1625 festiuitatis
1405 1559 1520 1637 laetari,
1541 1571 1579 1626 ut
1601 1560 1691 1645 apud
1714 1559 1969 1626 misericordiam
1995 1569 2097 1636 tuam,

1196 1659 1361 1742 exemplis
1398 1679 1513 1726 eorum
1542 1671 1577 1726 et
1612 1660 1737 1725 meritis
1773 1659 1976 1726 adiuuemur.
2036 1661 2099 1726 Per

1195 1756 1368 1824 dominum
1377 1757 1400 1828 ².

1578 1847 1719 1912 Secreta.

1241 1971 1391 2057 Respice,
1414 1971 1560 2050 domine,
1576 1993 1711 2037 munera
1729 1993 1805 2055 quae
1827 1993 1887 2056 pro
1909 1981 2099 2038 sanctorum

1197 2083 1381 2158 martyrum
1410 2081 1542 2137 tuorum
1573 2073 1729 2148 mauricii,
1756 2073 1932 2155 exsuperii,
1955 2071 2098 2148 candidi,

1196 2174 1338 2251 uictoris,
1356 2172 1543 2251 innocentii,
1563 2182 1598 2237 et
1619 2171 1739 2251 uitalis,
1758 2191 1835 2237 cum
1855 2171 1953 2236 sociis
1976 2190 2099 2247 eorum,

1196 2273 1339 2356 gloriosa
1354 2273 1507 2357 passione
1522 2271 1707 2351 deferimus,
1721 2279 1756 2336 et
1771 2281 1893 2355 praesta
1906 2279 1944 2336 ut
1959 2291 2100 2354 quorum

1196 2371 1320 2437 honore
1331 2380 1407 2436 sunt
1418 2379 1521 2455 grata,
1534 2391 1647 2437 eorum
1662 2371 1758 2438 nobis
1770 2371 1852 2436 liant
1867 2371 2100 2436 intercessione

1196 2481 1365 2556 perpetua.
1411 2471 1473 2536 Per
1482 2469 1506 2537 ³.

1556 2569 1731 2654 Prasatrh.

1240 2695 1908 2780 U.D.perchristumdominumnostrum.
1929 2695 2099 2779 Quoniam

1196 2797 1425 2878 cognoscimus
1439 2805 1564 2880 quanta
1575 2797 1664 2879 apud
1674 2804 1708 2860 te
1718 2795 1761 2861 sit
1771 2795 1918 2879 preclara
1927 2796 1995 2860 uita
2005 2815 2100 2862 sanc·

1196 2906 1316 2973 torum,
1333 2913 1473 2980 quorum
1489 2917 1550 2961 nos
1565 2897 1666 2961 ctiam
1689 2916 1777 2960 mors
1792 2895 1939 2978 pretiosa
1952 2894 2100 2961 laetificat

1196 3006 1230 3061 et
1239 3004 1358 3061 tuctur.
1382 2994 1594 3081 Quapropter
1606 3004 1788 3078 martynrm
1799 3004 1931 3060 tuorum
1944 2995 2099 3073 mauricii,

1196 3095 1370 3180 exsuperii,
1391 3097 1533 3175 candidi,
1552 3093 1694 3171 uictoris,
1718 3093 1905 3173 innocentii,
1922 3104 1957 3159 et
1977 3093 2098 3174 uitalis,

1196 3216 1271 3260 cum
1287 3195 1383 3260 sociis
1404 3217 1527 3272 eorum,
1543 3195 1686 3279 gloriosa
1708 3204 1915 3259 recensentes
1938 3193 2098 3274 natalitia,

1195 3296 1311 3360 laudes
1321 3295 1540 3373 tibidomine,
1549 3294 1727 3370 referimus,
1734 3293 1873 3376 supplici
1883 3291 2097 3370 consessione,

1196 3415 1270 3459 cum
1284 3395 1411 3478 angelis
1427 3404 1461 3460 et
1474 3394 1687 3479 archangelis,
1702 3391 1788 3457 Cum
1802 3393 1907 3458 tronis
1923 3400 1957 3457 et
1968 3393 2099 3459 domin·

1196 3497 1361 3562 ationibus
1369 3495 1394 3560 ⁴.

1493 3594 1555 3659 Ad
1565 3592 1793 3678 complendum.

1243 3717 1439 3785 Caelestibus
1462 3719 1575 3785 reiecti
1590 3717 1804 3784 sacramentis
1820 3725 1854 3782 et
1869 3717 2005 3802 gaudiis,
2019 3737 2097 3800 sup-

1196 3819 1299 3904 plices
1314 3830 1347 3884 te
1366 3840 1529 3903 rogamus,
1545 3819 1688 3896 domine,
1703 3828 1740 3883 ut
1759 3837 1898 3900 quorum
1920 3818 2100 3903 gloriamur

1196 3920 1378 4005 triumphis,
1394 3930 1608 4005 protegamur
1621 3918 1763 3983 auxiliis.
1804 3918 1892 3982 Per.⁷

1232 4203 1279 4271 Μ.
1292 4203 1353 4269 lat.
1367 4209 1420 4269 ret.
1447 4202 1560 4269 Natalr
1574 4207 1742 4268 sannorum
1758 4217 1849 4265 curun
1863 4199 2030 4265 auamiani
2039 4203 2061 4266 ³.

1240 4337 1373 4416 Praesta,
1401 4357 1589 4422 quesumus,
1615 4335 1827 4419 omnipotens
1856 4332 1948 4410 deus,
1975 4341 2012 4398 ut
2041 4331 2098 4417 qui

1195 4448 1384 4503 sanctorum
1411 4447 1541 4502 tuorum
1565 4455 1688 4501 cosmae
1715 4443 1749 4500 et
1774 4433 1920 4499 damiani
1947 4431 2099 4496 natalitia

1702 4636 1746 4676 AL.
1757 4623 1882 4675 Mimbilis
1892 4623 1962 4676 deus.

1702 4713 1745 4754 or.
1756 4701 1889 4752 Letemini.

1702 4795 1744 4836 co.
1755 4785 1891 4836 Posueruut
1901 4783 2026 4834 mortalia.

1229 4627 1237 4658 ¹
1254 4640 1280 4680 a
1291 4629 1370 4679 Intret
1382 4627 1407 4679 in
1418 4635 1560 4693 conspectu.

1252 4719 1290 4758 ss
1301 4708 1377 4764 Deus,
1388 4715 1505 4758 uenerunt
1516 4712 1609 4773 gentes.

1253 4799 1279 4838 R.
1291 4786 1423 4838 Gloriosus
1434 4785 1501 4837 deus.

1253 4876 1279 4915 v.
1291 4865 1400 4914 Dextera
1411 4871 1462 4914 tua.

1228 4940 1239 4971 ¹
1254 4943 1287 4994 V.
1299 4958 1324 5007 p.
1339 4955 1383 5004 1³3
1404 4940 1455 5006 [tor
1464 4939 1500 4991 St.
1514 4939 1645 5006 AndrewJ.
1680 4939 1778 4997 Anuue,
1789 4955 1822 5005 q..
1835 4954 1859 4989 ο.
1872 4937 1906 5000 d,
1920 4945 1948 4988 ut
1963 4953 2009 4989 nos
2025 4937 2097 4989 senc·

1195 5025 1278 5070 torum
1295 5027 1401 5080 tuorum,
1413 5018 1533 5078 mauricii,
1546 5017 1663 5083 exuperii,
1677 5016 1784 5073 candidi,
1797 5017 1905 5072 uictoris.
1916 5016 2059 5078 innocentii,
2071 5023 2098 5067 et

1196 5098 1287 5160 uitalis,
1297 5113 1354 5147 curn
1362 5097 1435 5148 sociis
1443 5112 1538 5156 eorum,
1547 5094 1657 5146 laetificet
1669 5094 1758 5145 sestius
1768 5094 1947 5160 sollempnitas,
1955 5101 1983 5146 ut
1991 5110 2097 5160 quorum

1194 5176 1318 5242 suffragiis
1328 5177 1443 5244 petimur,
1455 5175 1580 5227 nataliciis
1591 5175 1734 5240 gloriemur.
1765 5173 1818 5225 Per.
1836 5174 1868 5224 Z.

1227 5254 1237 5283 ⁸
1253 5257 1280 5305 Z.
1292 5255 1321 5304 1..
1334 5273 1359 5322 p.
1372 5256 1427 5320 ²98,
1437 5253 1498 5303 with
1510 5253 1651 5304 variminus

1226 5331 1236 5362 ⁴
1252 5333 1321 5386 Pom.
1332 5349 1358 5398 p.
1372 5345 1435 5397 594;
1447 5331 1478 5382 Y.
1490 5330 1533 5381 iol.
1544 5344 1586 5380 121
1597 5328 1622 5381 b.
1633 5331 1661 5382 Z.

1225 5410 1236 5442 ⁵
1251 5422 1278 5462 Δ.
1289 5410 1443 5476 Sapientiam
1454 5417 1597 5459 sanctorum

1251 5499 1287 5538 rs
1298 5487 1423 5548 Exultate,
1436 5485 1502 5538 iusti.

1250 5579 1276 5617 x.
1286 5565 1470 5618 Clamuuerunt.

1250 5654 1277 5697 V.
1287 5643 1361 5695 quta
1371 5650 1410 5696 ert
1421 5642 1544 5698 dommus

1701 5417 1745 5457 AI.
1757 5405 1820 5456 lusti
1831 5405 1971 5471 epulentur.

1701 5496 1744 5534 or.
1756 5483 1944 5535 Gloriabuntur.

1701 5573 1744 5615 co,
1754 5562 1899 5616 Posucruut.

1769 5748 1794 5802 Y
