5124 6608
379 585 429 672 so
726 563 946 677 armata.

377 786 506 868 dulges,
530 795 687 851 consuete
720 784 951 850 misericordiae
982 785 1089 850 tribue
1118 785 1280 869 benignus

378 887 542 952 effectum.
590 886 675 950 Pers

748 1071 837 1145 ilaris
856 1071 907 1135 tt}

626 1205 686 1268 Ad
697 1215 843 1270 sanctam
859 1205 1035 1270 balbinam.

422 1325 555 1402 Perfice,
573 1345 760 1409 quesumus,
781 1327 924 1402 domine,
943 1327 1106 1408 benignus
1131 1324 1164 1387 in
1188 1325 1283 1388 nobis

377 1425 597 1491 obseruantia
622 1435 745 1490 sanctae
768 1426 959 1504 subsidium,
979 1433 1017 1488 ut
1044 1444 1128 1507 quae,
1150 1435 1185 1488 te
1206 1445 1282 1488 auc-

377 1537 457 1601 tore,
482 1525 632 1590 iacienda
655 1526 880 1610 cognouimus‚
898 1537 933 1590 te
955 1535 1123 1608 operante,
1144 1525 1281 1608 implea-

378 1645 460 1690 mus.
506 1626 604 1689 Per.t

760 1711 900 1776 Secreta.

421 1835 726 1902 Sanctificationem
738 1845 830 1900 tuam
848 1837 952 1914 nobis,
965 1837 1109 1912 domine,
1122 1836 1174 1901 his
1190 1859 1281 1920 mys-

376 1938 466 2001 teriis
482 1937 632 2020 placatus
647 1957 791 2019 operare,
801 1958 876 2020 quae
892 1958 951 2000 nos
967 1947 1000 2000 et
1016 1959 1036 2000 a
1052 1938 1190 2001 terrenis
1205 1958 1281 2019 pur·

376 2046 433 2120 get
450 2038 547 2114 uitiis,
567 2046 600 2102 et
616 2038 659 2101 ad
676 2037 820 2100 caelestia
835 2036 924 2101 dona
939 2038 1109 2119 perducat.
1159 2037 1246 2101 Per.t

747 2186 909 2267 Presatt‘o.

421 2313 465 2379 U.
483 2314 526 2377 D.
543 2323 665 2379 aeterne
681 2311 771 2376 deus.
817 2311 884 2396 Qui
906 2311 950 2376 ob
970 2311 1153 2376 animarum
1170 2315 1282 2378 mede-

376 2413 443 2477 lam
470 2413 579 2478 ieiunii
610 2411 788 2476 deuotione
818 2413 971 2494 castigari
1002 2433 1139 2494 corpora
1169 2433 1280 2495 prece-

376 2513 463 2595 pisti.
510 2511 675 2589 Concede,
697 2531 886 2592 quesumus,
909 2520 947 2576 ut
973 2512 1075 2575 corda
1098 2522 1211 2577 nostra
1235 2513 1281 2576 ita

376 2613 509 2696 pietatis
535 2622 602 2676 tuae
630 2611 764 2676 ualeant
795 2631 950 2675 exercere
981 2613 1149 2690 mandata,
1174 2622 1211 2675 ut
1237 2614 1280 2676 ad

377 2722 435 2776 tua
451 2732 643 2787 mereamur,
660 2720 694 2776 te
710 2710 906 2792 opitulante,
921 2710 1094 2792 peruenire
1109 2713 1280 2795 promissa.

378 2811 467 2877 Per².

681 2898 742 2962 Ad
752 2897 982 2980 complendam.

418 3026 466 3090 Vt
488 3024 597 3104 sacris,
612 3024 756 3099 domine,
774 3024 952 3087 reddamur
967 3021 1058 3106 digni
1080 3024 1278 3100 muneribus,

376 3125 426 3190 lac
442 3146 502 3190 nos
518 3126 593 3200 tuis,
610 3144 799 3207 quesumus,
814 3123 963 3187 oboedire
980 3123 1154 3188 mandatis.
1183 3123 1268 3188 Per.t

711 3273 939 3356 Adpapalum.

421 3399 610 3482 Propitiare,
644 3399 789 3474 domine,
819 3397 1114 3481 supplicationibus
1152 3399 1280 3475 nostris,

1709 585 1810 678 ,tiata
1828 587 1860 660 t.

1335 784 1400 848 tius
1417 784 1551 868 respice,
1563 796 1596 851 et
1609 806 1668 867 per
1678 786 1749 850 haec
1765 797 1881 852 sancta
1897 787 2091 854 commertia
2106 789 2238 855 uincula

1336 895 1548 967 peccatorum
1564 895 1750 949 nostrorum
1765 886 1913 950 absolue.
1960 888 2047 952 Per.l

1702 1075 1876 1159 Proefatia.

1380 1214 1425 1280 U.
1442 1214 1485 1277 D.
1510 1234 1569 1296 per
1592 1214 1749 1279 christum
1774 1215 1947 1279 dominum
1973 1225 2131 1280 nostrum.
2178 1217 2240 1280 Per

1335 1333 1434 1396 quem
1458 1313 1594 1378 humani
1617 1314 1747 1397 generis
1770 1315 2070 1380 reconciliationem
2099 1315 2238 1380 mirabili

1334 1415 1581 1495 dispensatione
1611 1423 1766 1496 operatus
1798 1435 1842 1479 es.
1896 1415 2020 1497 Presta,
2049 1436 2237 1498 quesumus,

1335 1525 1372 1578 ut
1401 1523 1516 1578 sancto
1547 1514 1710 1596 purificati
1734 1514 1863 1592 ieiunio,
1890 1524 1924 1580 et
1950 1515 2009 1580 tibi
2039 1525 2113 1580 toto
2139 1517 2238 1581 corde

1334 1615 1437 1678 simus
1458 1614 1606 1692 subiecti,
1630 1624 1664 1677 et
1687 1614 1773 1679 inter
1797 1614 1964 1679 mundane
1990 1616 2165 1697 prauitatis
2190 1617 2237 1679 in-

1333 1714 1442 1791 sidias,
1467 1723 1501 1777 te
1527 1713 1713 1788 miserante,
1738 1733 1986 1796 perseueremus
2016 1714 2119 1779 inlesi.
2177 1715 2238 1778 Per

1334 1834 1433 1897 quern
1457 1815 1667 1878 maiestatem
1676 1813 1697 1877 ¹.

1636 1937 1698 2001 Ad
1710 1937 1940 2021 complendam.

1379 2075 1540 2160 Sumptis,
1570 2077 1713 2151 domine,
1749 2076 1973 2154 sacramentis,
2003 2075 2047 2139 ad
2085 2077 2237 2158 redemp-

1333 2175 1432 2239 tionis
1458 2186 1589 2255 aeterne,
1616 2195 1807 2258 quesumus,
1840 2175 2050 2258 proficiamus
2080 2196 2238 2260 augmen·

1334 2285 1415 2340 tum.
1463 2275 1550 2340 Pers

1670 2386 1731 2450 Ad
1737 2387 1900 2469 papulam.

1377 2525 1478 2604 Deus,
1503 2525 1699 2590 innocentiae
1721 2525 1890 2590 restitutor
1916 2534 1949 2588 et
1972 2533 2110 2602 amator,
2133 2525 2238 2608 dirige

1333 2627 1376 2690 ad
1405 2637 1439 2690 te
1469 2638 1600 2690 tuorum
1631 2626 1731 2690 corda
1763 2644 1943 2701 seruorum,
1970 2635 2006 2688 ut
2030 2625 2164 2708 spiritus
2189 2626 2238 2689 tui

1333 2725 1460 2791 feruore
1481 2736 1652 2808 concepto,
1671 2735 1706 2790 et
1726 2725 1759 2787 in
1782 2724 1849 2788 fide
1870 2724 2079 2789 inueniantur
2101 2725 2236 2789 stabiles

1333 2836 1366 2890 et
1382 2827 1415 2889 in
1430 2846 1530 2909 opere
1545 2825 1703 2891 efficaces.
1749 2824 1811 2888 Per
1827 2824 1998 2889 dominum
2016 2836 2190 2889 nostrum.⁷

1706 3115 1794 3188 :timia
1814 3113 1855 3178 ω’

1461 3273 1523 3338 Ad
1532 3283 1678 3338 sanctam
1694 3275 1837 3339 mariam
1854 3281 1948 3338 trans
1964 3269 2102 3336 tiberim.

1377 3413 1500 3477 Praesta
1537 3412 1642 3490 nobis,
1672 3412 1816 3490 domine,
1847 3431 2035 3493 quesumus,
2073 3408 2236 3474 auxilium

377 3507 411 3562 ei
434 3497 618 3562 animasum
638 3507 824 3562 ¹¹0⁵tfflf¹¹ffl
848 3499 982 3562 medere
1006 3495 1227 3580 lflnssUOsibusr
1243 3507 1279 3560 ¹¹1
1330 3513 1446 3597 gratiae
1476 3523 1551 3592 tuae,
1581 3523 1618 3576 ut
1649 3512 1776 3576 ieiuniis
1807 3521 1840 3576 et
1877 3510 2080 3574 orationibus
2117 3529 2235 3574 conue-

377 3599 567 3662 remissione
589 3608 756 3682 percepta,
771 3599 804 3662 in
826 3606 884 3662 tua
904 3617 1036 3680 semper
1050 3597 1280 3662 benedictione

376 3698 536 3762 laetemur.
583 3698 645 3761 Per
659 3699 858 3762 dominum.t

637 4050 668 4113 Α
672 4049 698 4112 d
708 4060 854 4114 sanctam
868 4051 1020 4116 ceciliam.

422 4173 585 4256 Populum
608 4185 712 4250 tuum,
735 4177 879 4256 domine,
905 4177 1067 4260 propitius
1091 4177 1224 4259 respice,
1247 4186 1280 4240 et

377 4294 461 4356 quos
487 4274 530 4338 ab
557 4277 651 4339 aescis
677 4276 861 4340 carnalibus
887 4277 1029 4359 precipis
1058 4276 1234 4352 abstinere,
1260 4297 1280 4339 a

378 4374 489 4438 noxiis
511 4395 645 4458 quoque
670 4376 757 4439 uitiis
783 4396 912 4440 cessare
937 4377 1092 4440 concede.
1139 4375 1201 4439 Per
1223 4376 1280 4439 do-

379 4472 533 4537 minuma

741 4561 879 4627 saraa.

424 4685 570 4763 Hostias,
596 4688 739 4764 domine,
765 4708 848 4770 quas
879 4687 939 4752 tibi
969 4687 1145 4766 offerimus,
1172 4687 1281 4770 propi-

900 4875 965 4914 corr.
980 4864 1095 4914 Narrabo
1106 4865 1200 4914 omnia.

901 4945 971 5007 (Lac.
986 4943 1077 4992 Factus
1091 4951 1128 4994 est
1140 4959 1221 4993 sermo
1237 4943 1281 4992 do·

986 5022 1055 5072 mini.

918 5111 962 5148 w.
975 5099 1086 5150 Locutus
1096 5105 1134 5150 est
1147 5098 1251 5159 ihesus).

385 4921 390 4928 ,
411 4865 419 4894 ¹
437 4877 463 4916 Α.
474 4865 534 4915 Tibi
546 4865 610 4914 dixit
622 4881 672 4914 cor.

439 4956 476 4996 rs.
489 4944 613 4993 Dominus
625 4942 790 4992 inluminatio.

438 5035 464 5073 n.
477 5022 548 5072 lacta
559 5022 705 5086 cogitatum.

439 5113 466 5152 v.
478 5101 546 5151 Dum
559 5101 700 5150 clamarem.

439 5192 482 5230 or.
495 5180 613 5230 Miserere
625 5178 694 5228 mihi.

411 5257 468 5308 ¹0.
482 5275 506 5324 p.
520 5272 576 5321 30³·

411 5337 421 5366 ³
438 5349 464 5386 Α.
475 5335 515 5385 Ne
525 5335 689 5400 derelinquas.
918 5345 985 5385 eost.
997 5335 1080 5384 Iustus
1091 5333 1214 5384 dominus.

920 5421 991 5476 (uae.
1020 5413 1110 5463 Omoit
1137 5411 1220 5461 hester
1250 5411 1282 5461 sd

989 5491 1124 5540 domiuum.

918 5566 1281 5621 av,Ascendeusihesusbiero·

989 5645 1133 5710 solymam).

441 5425 477 5462 rs,
490 5412 606 5472 Domine,
620 5429 651 5464 ne
663 5414 688 5462 in
701 5421 753 5463 tuo.

440 5504 466 5542 a.
477 5491 579 5542 Saluum
592 5492 632 5542 lac
643 5492 772 5557 populum.

440 5580 466 5619 v,
475 5569 518 5618 Aa
527 5579 559 5629 te,
568 5569 676 5629 domine,
686 5570 804 5620 clamaui.

440 5657 482 5696 or.
495 5647 537 5696 Ad
548 5654 580 5708 te,
594 5646 703 5698 domiue.

1333 3615 1459 3678 nienter
1477 3613 1604 3689 intenti,
1621 3611 1798 3676 liberemur
1820 3612 1863 3675 ab
1887 3609 2036 3674 hostibus
2060 3609 2180 3673 mentis
2202 3619 2237 3673 et

1332 3713 1485 3797 corporis.
1532 3712 1619 3776 Pers

1717 3822 1856 3887 Secreta.

1378 3965 1533 4028 Praesenti
1564 3961 1722 4027 sacrificio
1752 3961 1877 4026 nomini
1908 3971 1967 4024 tuo
1998 3979 2068 4034 nos,
2091 3959 2234 4034 domine,

1333 4064 1452 4128 ieiunia
1467 4061 1854 4140 dicanda³sanctificent
1869 4069 1906 4124 ut
1922 4061 2010 4143 quod
2026 4058 2235 4122 obseruantia

1334 4176 1446 4228 nostra
1470 4162 1644 4246 profitetur
1666 4162 1821 4239 exterius,
1844 4161 1980 4226 interius
2009 4167 2163 4242 operetur
2188 4156 2234 4220 es·

1332 4263 1466 4329 sectum.
1511 4263 1573 4326 Per
1594 4262 1791 4326 dominumr

1701 4448 1873 4532 Prasatia.

1378 4591 1421 4657 U.
1446 4591 1490 4656 D.
1512 4600 1636 4656 aeterne
1658 4590 1751 4654 deus.
1806 4588 1853 4652 Et
1875 4597 1968 4652 tuam
1991 4605 2067 4650 cum
2090 4584 2234 4650 celebra-

1334 4691 1423 4757 tione
1454 4690 1562 4755 ieiunii
1593 4691 1752 4774 pietatem
1782 4686 1912 4752 deuotis
1942 4684 2109 4750 mentibus
2137 4685 2234 4748 obse-

1334 4813 1433 4870 crare,
1449 4791 1553 4873 utqui
1569 4789 1713 4872 peccatis
1728 4786 1953 4870 ingruentibus
1974 4783 2135 4847 malorum
2152 4804 2235 4866 pon·

1334 4893 1411 4955 dere
1426 4892 1606 4973 premimur
1621 4898 1654 4952 et
1675 4910 1695 4952 a
1716 4886 1860 4970 peccatis
1880 4885 2033 4950 omnibus
2048 4882 2234 4960 liberemur,

1334 5002 1367 5054 et
1382 4991 1485 5054 libera
1498 4991 1559 5054 tibi
1575 4999 1687 5054 mente
1702 4987 1909 5051 famulemur.
1955 4985 2016 5048 Per
2031 4982 2188 5047 christum
2198 4981 2223 5045 ⁴.

1367 5252 1376 5283 ¹
1392 5251 1424 5303 Ο.
1436 5269 1461 5316 p.
1473 5262 1529 5314 303.
1544 5251 1570 5299 Z.

1366 5329 1376 5360 ²
1392 5343 1418 5380 Α.
1430 5330 1508 5390 Deus,
1521 5328 1545 5377 in
1557 5325 1715 5377 adiutorium.

1395 5420 1429 5458 PS.
1445 5409 1604 5458 Auertantur.

1394 5499 1419 5537 R.
1431 5485 1565 5551 Propitius.

1393 5575 1419 5614 v.
1432 5562 1534 5612 Adiuua
1547 5578 1599 5612 uos.

1365 5644 1374 5674 ¹
1390 5642 1473 5692 dicata
1484 5641 1516 5692 V.

1825 5337 1869 5376 or.
1881 5325 1997 5375 creatus
2007 5330 2053 5374 est.

1825 5415 1892 5454 corr.
1904 5403 1954 5467 Qui
1965 5403 2106 5452 manducat.

1827 5489 1898 5544 (rac.
1911 5481 2061 5530 Maledictus
2073 5479 2159 5529 homo.

1826 5571 1871 5610 εν.
1880 5559 1967 5608 Homo
1973 5558 2073 5624 qnidam
2081 5555 2231 5618 emtdiues).

1725 5637 1734 5668 ⁴
1750 5637 1782 5689 Ο.
1791 5655 1816 5704 p.
1829 5651 1884 5702 303·
1900 5637 1927 5686 Z.
