5116 6608
870 585 1016 674 musal
1041 587 1074 660 ri
1097 585 1222 661 lssrbm
1247 586 1280 658 ri
1303 583 1487 681 glumfiqrs.

621 837 700 902 litim
714 838 773 902 alla
780 835 801 903 ¹.

295 967 386 1041 Deus,
413 979 521 1030 aeterne
548 972 741 1050 triumphator
763 972 884 1051 imperii,
907 969 1044 1030 familiam
1071 979 1152 1030 tuam

255 1064 399 1142 propitius
422 1066 542 1144 respice,
569 1068 738 1145 martyrium
762 1069 839 1146 regis
865 1065 1061 1127 celebrantem
1084 1068 1153 1128 ead-

255 1158 383 1230 uueardi,
404 1168 435 1219 et
457 1169 563 1238 praesta
589 1171 621 1248 ut
644 1161 718 1222 sicut
745 1179 864 1222 munere
888 1160 968 1220 illum
992 1161 1152 1238 glorificare

254 1251 384 1328 dignaris
403 1252 519 1325 caelesti,
539 1255 579 1314 ita
599 1273 664 1328 nos,
684 1257 748 1316 eius
769 1257 898 1328 obtentu,
918 1253 1041 1316 felicitati
1063 1256 1151 1317 facias

255 1344 408 1422 dignanter
427 1347 561 1407 adscribi.
602 1348 666 1410 Per.

647 1504 766 1566 Secreta.

296 1618 420 1692 Intuere,
443 1638 611 1699 quesumus,
633 1633 739 1684 aeteme
761 1624 842 1696 deus,
866 1624 903 1684 ad
926 1633 1032 1684 nostre
1057 1625 1152 1685 hurni-

254 1711 341 1772 litatis
365 1711 500 1787 hostiam,
522 1716 592 1774 ubi'
612 1717 642 1776 in
663 1716 775 1777 honore
796 1719 837 1778 tui
862 1720 993 1795 martyris
1017 1737 1052 1779 ac
1076 1720 1152 1796 regis

256 1805 432 1867 eaduueardi
460 1808 605 1883 oblatam;
637 1828 726 1888 quem
754 1812 805 1871 tibi
834 1829 946 1872 sacram
974 1813 1151 1873 oblationem

249 1899 377 1960 'mirabili
406 1901 625 1978 dispensatione
653 1904 767 1965 efficere
796 1905 932 1978 uoluisti;
968 1918 996 1965 et
1020 1907 1151 1966 concede

256 1995 342 2054 nobis
372 1995 447 2055 illius
477 1998 621 2073 praecibus
650 1999 690 2058 ita
720 1999 891 2060 innocenter
919 2001 1026 2072 uiuere,
1055 2012 1087 2060 ut
1115 2001 1151 2060 ad

256 2099 362 2148 aeterna
377 2107 540 2150 mereamur
554 2092 663 2168 gandia
676 2094 839 2170 peruenire.
881 2093 935 2153 Per
950 2094 1111 2156 dominum.

627 2251 779 2331 Proffatr'o.

297 2364 334 2424 U.
348 2365 387 2425 D.
402 2375 509 2427 aeteme
530 2368 610 2429 deus
654 2369 714 2443 Qui
735 2389 767 2430 es
788 2370 920 2430 omnium
941 2387 1051 2431 corona
1071 2389 1154 2430 sanc-

257 2471 362 2532 torum,
390 2461 497 2538 quique
526 2463 666 2523 concedis
692 2463 880 2541 triumphum,
908 2475 937 2525 et
963 2464 1154 2542 inseparabile

257 2553 413 2614 diuinitatis
437 2566 585 2632 perpetuae
611 2557 723 2634 largiris
747 2559 927 2618 consortium
938 2578 948 2632 ;
981 2575 1154 2636 semperque

256 2647 432 2708 admirandis
450 2649 587 2710 uirtutum
606 2652 760 2728 praeconiis
780 2663 937 2730 martyrum
957 2663 1073 2711 tuorum
1093 2670 1154 2712 me·

256 2744 310 2802 rita
337 2745 529 2821 prosequeris,
551 2746 657 2806 nostris
682 2764 798 2825 quoque
821 2757 871 2806 tua
894 2747 1039 2824 magnalia
1062 2747 1153 2806 mani·

258 2837 365 2898 lestans
382 2839 571 2915 temporibus.
611 2837 701 2900 Unde
721 2851 802 2900 tuam
824 2840 998 2901 ineffabilem
1019 2841 1153 2916 exposci-

258 2949 322 2990 mus
347 2931 536 3004 diuinitatem,
562 2943 594 2992 ut
615 2934 665 3010 qui
689 2936 808 2994 beatum
829 2945 985 3012 martyrem
1008 2944 1090 2993 tuum
1117 2952 1152 2994 ac

258 3043 357 3102 regem
378 3025 593 3086 eaduueardum
612 3047 733 3087 munere
753 3029 881 3106 martyrii
899 3029 1051 3104 insiguiter
1069 3044 1152 3087 coro·

258 3121 340 3192 nasti,
354 3137 410 3179 nos
431 3119 492 3180 eius
513 3121 719 3182 intercessione
740 3124 898 3198 apeccatis
912 3123 1048 3183 omnibus
1063 3121 1151 3182 facias

258 3213 379 3284 absolui,
396 3223 425 3273 et
445 3214 608 3275 celestibus
629 3216 742 3293 gaudiis
763 3227 907 3294 gratanter
928 3216 1055 3293 adiungi.
1097 3215 1153 3275 Per

258 3305 401 3367 christum.

208 3415 212 3424 ·
579 3390 830 3468 Adcomplendum.

299 3506 407 3568 Sancta
427 3518 477 3567 tua
497 3525 562 3581 nos,
577 3509 705 3582 domine,
720 3521 836 3588 sumpta
849 3509 1009 3587 purificent,
1023 3520 1053 3569 et
1066 3511 1152 3571 beato

259 3611 380 3678 martyre
398 3612 449 3662 tuo
470 3619 504 3661 ac
525 3620 593 3680 rege
614 3603 799 3663 eaduueardo
821 3603 1024 3674 intercedente,
1036 3603 1073 3664 ad
1089 3621 1152 3680 per·

258 3705 353 3771 petuae
380 3696 566 3758 beatitudinis
593 3699 773 3757 consortium
799 3698 966 3774 perducant.
1009 3696 1064 3757 Per
1099 3697 1152 3756 do-

257 3789 376 3848 minum

628 3871 681 3931 Ad
691 3881 820 3948 uesperor.

299 3988 405 4061 Tuere,
420 4007 590 4068 quesumus,
604 3991 732 4062 domine,
746 3991 885 4051 familiam
906 4001 995 4061 tuam,
1015 4001 1044 4051 et
1064 3991 1154 4052 sacris

260 4101 375 4160 semper
388 4084 486 4144 attolle
501 4086 643 4162 presidiis,
658 4086 807 4162 sanctique
826 4085 956 4163 martyris
970 4085 1011 4144 tui
1029 4105 1063 4145 ac
1077 4087 1154 4164 regis

260 4177 434 4238 eaduueardi
461 4179 684 4252 interuentioue‚
708 4198 797 4256 quem
819 4179 963 4239 moderna
984 4189 1154 4257 tempestate

259 4270 395 4333 humanae
415 4273 526 4332 notitiae
546 4274 680 4334 intimare
701 4274 825 4345 uoluisti,
844 4293 863 4333 a
883 4283 1071 4350 peccatorum
1092 4293 1154 4334 om·

260 4366 340 4424 nium
358 4367 492 4444 periculis
505 4368 671 4446 expeditam
691 4378 808 4428 aeternae
821 4367 963 4428 felicitatis
980 4367 1069 4428 redde
1083 4386 1154 4428 con-

259 4469 375 4520 sortem.
416 4459 479 4520 Per.

669 4541 749 4603 Afris.
810 4616 816 4630 .

300 4658 390 4734 Deus,
413 4661 464 4739 qui
485 4662 698 4722 nobilissimum
718 4680 819 4740 regem
839 4662 1052 4723 eaduueardum
1074 4665 1154 4724 necis

260 4754 375 4815 interitu
403 4755 682 4817 contemtibilissime
709 4756 882 4834 martyrizari
909 4757 1071 4833 permisisti,
1093 4776 1153 4836 quo

259 4866 327 4908 eum
341 4848 499 4910 sublimiter
509 4849 547 4909 ad
560 4867 684 4928 regnum
697 4850 870 4928 perduceres
884 4851 1023 4922 caelestae;
1039 4862 1152 4929 praesta,

260 4960 425 5020 quesumus,
447 4954 480 5003 ut
502 4944 635 5004 eiusdem
658 4944 751 5004 sancti
775 4944 906 5020 martyris
930 4945 1153 5022 suffragantibus

259 5037 409 5110 meritis,a
429 5038 540 5098 cunctis
560 5038 725 5097 muniamur
746 5038 883 5098 aduersis
926 5037 982 5096 Per
1000 5038 1152 5098 dominum

259 5141 388 5191 nostrum
403 5131 516 5192 ihesum
529 5130 677 5192 christum.

407 5348 470 5415 m
482 5349 542 5415 itui.
555 5349 607 5415 lot
643 5349 756 5416 Natali
770 5351 864 5414 rasni
878 5351 1007 5428 butulfiff.

300 5483 390 5557 Deus,
407 5486 541 5546 omnium
562 5503 719 5562 regnorum
740 5487 917 5562 gubernator
936 5493 965 5544 et
986 5494 1087 5557 rector,
1101 5485 1152 5561 qui

356 5631 366 5661 ¹
381 5631 436 5684 Fci
447 5634 492 5684 rb.
640 5631 650 5661 ¹
671 5654 694 5675 ε
705 5632 758 5683 tibi.
908 5630 918 5660 ³
935 5631 991 5683 Fol.
1004 5633 1052 5683 ab.

2030 593 2100 682 283

1206 785 1322 847 famulis
1342 786 1398 847 tuis
1418 805 1547 847 annuam
1566 787 1646 849 beati
1666 787 1767 850 botulfi
1788 789 1900 851 abbatis
1919 789 2029 870 largiris
2045 791 2102 853 fes-

1205 890 1275 953 tam,
1297 890 1472 954 nostrorum,
1492 900 1659 960 quesumus,
1681 882 1746 943 dele
1770 883 1918 946 cicatrices
1938 887 2103 960 uulnerum,

1205 974 1385 1054 caelestisque
1405 977 1506 1054 patriae
1527 977 1612 1038 donis
1633 977 1719 1038 refice
1740 979 1932 1057 sempiternis.
1974 979 2029 1040 Per
2049 979 2102 1041 do·

1204 1069 1326 1128 minum.

1597 1151 1717 1212 Semta.

1245 1267 1355 1330 Munus
1375 1269 1427 1330 tibi
1448 1288 1466 1330 a
1484 1270 1598 1331 deuotis
1612 1271 1743 1332 oblatum
1765 1272 1886 1347 famulis,
1901 1283 2018 1334 aeternae
2032 1291 2104 1335 con·

1204 1361 1279 1423 ditor
1300 1381 1404 1436 rerum,
1427 1364 1580 1441 dignanter
1605 1366 1726 1442 respice,
1743 1375 1771 1426 et
1795 1368 1904 1427 meritis
1925 1367 1993 1427 almi
2016 1368 2104 1428 inter·

1203 1456 1374 1518 cedentibus
1388 1459 1498 1529 botulfi,
1514 1459 1620 1518 caelesti
1641 1459 1710 1520 illud
1723 1461 1929 1522 benedictione
1944 1462 2102 1533 sanctifica,

1204 1551 1348 1630 nobisque
1371 1552 1410 1612 ad
1438 1563 1610 1612 cunctorum
1639 1555 1758 1614 ueniam
1779 1555 1993 1632 peccaminum,
2015 1565 2045 1615 et
2064 1555 2103 1615 ad

1204 1645 1326 1706 caelestis
1348 1657 1539 1724 augmentum
1563 1647 1693 1723 perficiat
1715 1647 1830 1725 gaudia
1874 1649 1929 1708 Per
1949 1649 2103 1708 dominum

1204 1749 1344 1799 nostrum.

1578 1822 1730 1902 Proesafrir.

1245 1939 1282 2000 U.
1307 1940 1345 2000 D.
1369 1951 1475 2001 aeterne
1500 1942 1580 2002 deus.
1623 1939 1683 2014 Qui
1708 1960 1797 2002 omne
1824 1961 1917 2020 genus
1941 1943 2103 2003 humanum

1205 2033 1308 2093 callida
1319 2034 1381 2111 dyri
1396 2037 1537 2112 serpentis
1551 2035 1653 2094 fraude
1667 2035 1829 2107 seductum,
1838 2047 1867 2096 et
1880 2038 1965 2114 primi
1976 2039 2103 2115 parentis

1205 2144 1352 2187 consensu
1386 2147 1405 2188 a
1433 2129 1556 2188 celestis
1585 2130 1755 2189 amoenitate
1784 2130 1918 2208 paradysi
1949 2130 2102 2200 deiectum,

1205 2223 1427 2282 misericorditer
1458 2223 1578 2283 unicum
1613 2223 1773 2283 reformasti
1804 2242 1856 2301 per
1888 2224 1987 2283 filium.
2043 2222 2103 2297 Qui

1206 2315 1273 2374 ideo
1291 2325 1335 2375 est
1350 2317 1387 2376 de
1406 2317 1515 2376 intacta
1534 2326 1696 2394 conceptus
1715 2317 1837 2393 uirgine,
1852 2326 1884 2376 ut
1901 2335 1956 2378 nos
1977 2336 1995 2377 a
2014 2336 2102 2379 cunc·

1205 2417 1303 2469 torum
1321 2411 1450 2470 ablueret
1464 2411 1617 2470 criminmn
1639 2411 1744 2484 sorde;
1767 2422 1854 2488 atque
1875 2411 1982 2472 idcirco
2002 2415 2103 2472 mortis

1207 2503 1344 2580 dignatus
1358 2515 1403 2565 est
1417 2505 1565 2582 suscipere
1580 2523 1709 2582 poenam,
1724 2515 1869 2583 quatenus
1886 2524 1942 2566 nos
1961 2505 1999 2566 ad
2015 2506 2103 2567 retbe-

1205 2616 1286 2657 reum
1304 2597 1463 2674 perducere
1481 2617 1613 2676 regnum.
1656 2599 1714 2658 Pro
1734 2599 1817 2659 cuius
1831 2599 1986 2660 dilectione
2001 2602 2103 2660 beatus

1205 2691 1342 2763 botulfus
1371 2703 1476 2753 cuncta
1511 2693 1648 2753 deserens
1683 2695 1751 2764 ima,
1788 2694 1914 2754 caelestia
1944 2696 2104 2771 promeruit

1205 2804 1304 2863 regna.
1345 2786 1402 2845 Pro
1424 2787 1505 2846 cuius
1526 2787 1678 2846 obtentum
1699 2796 1737 2858 te,
1757 2773 1884 2858 domine,
1905 2786 2103 2847 humilissimis

1205 2881 1394 2940 obsecramus
1414 2881 1545 2952 uocibus,
1561 2891 1704 2957 quatenus
1724 2898 1781 2940 uos
1801 2891 1869 2957 post
1886 2891 1994 2940 metam
2010 2882 2112 2942 cosmi·

1205 2974 1367 3034 caelestibus
1381 2975 1481 3035 iubeas
1495 2975 1598 3034 sociari
1612 2974 1742 3034 coetibus.
1785 2973 1841 3034 Per
1854 2974 2001 3035 christum.

1528 3134 1581 3192 Ad
1589 3135 1782 3211 complendam.

1246 3252 1418 3314 Caelestibus
1437 3253 1511 3331 pasti
1532 3252 1655 3330 dapibus
1675 3253 1821 3331 supplices
1835 3263 1864 3312 te
1877 3269 2024 3331 rogamus,
2038 3269 2103 3310 om·

1205 3349 1342 3426 nipotens
1356 3347 1437 3419 deus,
1452 3357 1594 3425 quatenus
1609 3365 1661 3424 per
1676 3346 1804 3424 gloriosa
1816 3347 1885 3406 almi
1898 3347 1987 3424 patris
2000 3345 2102 3406 botulfi

1204 3443 1307 3502 merita
1328 3443 1442 3501 aeternis
1466 3459 1522 3500 nos
1544 3441 1645 3501 iubeas
1666 3441 1769 3502 sociari
1796 3441 1918 3518 gaudiis.
1972 3439 2027 3498 Per
2051 3438 2104 3498 do-

1203 3554 1324 3595 minum

1357 3725 1453 3791 first
1466 3726 1517 3790 inl.
1557 3723 1663 3790 Sarni
1677 3724 1773 3790 albari
1785 3723 1924 3805 mattprir
1932 3723 1952 3787 ¹.

1501 3859 1538 3906 As
1550 3857 1575 3906 in
1587 3856 1684 3907 Leofric
1695 3856 1726 3906 C.
1737 3872 1761 3921 p.
1778 3869 1833 3919 ²5³·

1314 4035 1407 4101 mli.
1419 4035 1478 4100 irat.
1494 4051 1562 4115 asp.
1596 4033 1708 4100 Natali
1722 4032 1816 4097 tamti
1831 4031 1970 4096 lumrlnri
1979 4032 1999 4094 ¹.

1247 4178 1444 4259 Omnipotens
1471 4190 1500 4241 et
1528 4181 1692 4240 misericors
1720 4177 1802 4251 deus,
1829 4179 1879 4257 qui
1913 4179 1999 4239 nobis
2030 4197 2104 4256 pra·

1206 4273 1314 4333 claram
1329 4273 1415 4335 insius
1430 4275 1488 4335 diei
1508 4275 1639 4335 laetitiam
1658 4291 1714 4352 pro
1728 4273 1806 4333 beati
1819 4272 1959 4332 koeuelmi
1973 4274 2105 4349 martyris

1207 4369 1247 4426 tui
1269 4368 1483 4446 sollempnitate
1504 4367 1634 4440 tribuisti,
1648 4367 1767 4427 intende
1787 4383 1908 4427 serenus
1921 4377 1991 4426 uota
2010 4365 2103 4425 fidelis

1207 4461 1316 4539 populi,
1330 4473 1359 4521 et
1372 4463 1504 4522 concede
1518 4473 1550 4522 ut
1564 4463 1646 4522 cuius
1661 4461 1748 4520 hodie
1763 4461 1837 4520 festa
1851 4459 2027 4538 percolimus
2041 4459 2103 4518 eius

1207 4573 1322 4633 semper
1336 4557 1444 4616 meritis
1458 4565 1488 4616 et
1502 4557 1645 4634 praecibus
1660 4554 1851 4614 subleuemur.
1893 4552 1956 4612 Per.

1581 4707 1727 4794 [δασεῖα]

1247 4832 1448 4906 Praesentibus,
1463 4833 1590 4905 domine,
1600 4849 1776 4910 quaesumus,
1791 4830 1909 4891 intende
1924 4831 2101 4902 muneribus,

1205 4937 1234 4986 et
1261 4929 1461 5004 patrocinante
1492 4929 1578 4987 beato
1606 4925 1755 4986 koenelmo
1783 4934 1908 5001 martyre
1936 4935 1996 4996 tuo,
2020 4925 2103 4984 cuius

1205 5020 1378 5099 sollempnia
1391 5020 1559 5082 uenerando
1576 5036 1771 5090 recensemus,
1786 5018 1919 5078 fidelibus
1940 5017 2039 5078 salutis
2059 5019 2103 5076 in·

1205 5113 1384 5192 dulgentiam
1404 5115 1562 5186 conferant,
1577 5124 1606 5173 et
1627 5112 1791 5173 aetemitatis
1812 5113 1933 5190 praemia
1950 5112 2103 5188 dignanter

1205 5208 1364 5286 adquirant.
1408 5209 1463 5269 Per
1482 5209 1643 5269 dominum.

1578 5365 1729 5443 Proesatr'o.

1245 5484 1284 5544 U.
1299 5484 1336 5544 D.
1352 5495 1459 5546 aeterne
1476 5485 1557 5545 deus.
1599 5483 1660 5558 Qui
1680 5492 1846 5543 sanctorum
1866 5491 1983 5543 tuorum
2003 5493 2101 5560 patro-
2166 5535 2169 5542 .

1301 5631 1310 5661 ¹
1326 5632 1381 5683 Fol.
1394 5646 1441 5694 sa.
1859 5633 1868 5658 ²
1884 5631 1940 5682 Fol.
1953 5631 2002 5694 3b.

1691 5737 1795 5791 002
