5124 6608
399 549 468 622 126
537 551 638 627 Dan.
656 554 725 628 tit.
743 552 821 626 rrtt.
838 562 910 646 pust
927 549 1142 645 mutastis.

572 776 729 841 Desinite
742 778 802 841 eri.
821 781 890 859 pust
909 781 1091 859 petrusim
1100 779 1120 842 ¹.

439 912 543 985 Deus,
565 911 622 996 qui
651 931 713 975 nos
741 910 887 995 regendo
915 930 1103 987 conseruas,
1129 910 1295 994 parcendo

395 1012 560 1088 iustificus,
582 1023 617 1077 et
638 1033 658 1076 a
678 1012 853 1094 temporali
875 1011 1090 1077 tribulatione
1112 1030 1173 1076 nos
1196 1011 1295 1094 eripe,

395 1123 429 1178 et
444 1114 567 1198 gaudia
582 1112 678 1177 nobis
693 1122 806 1177 eterna
821 1111 951 1194 largire.
997 1109 1059 1175 Per
1066 1109 1089 1175 ¹.

775 1273 915 1340 Secreta.

439 1399 585 1484 suscipe,
600 1400 744 1480 domine,
758 1400 921 1484 propitius
935 1398 1062 1465 hostias
1077 1398 1196 1482 quibus
1211 1407 1246 1464 et
1259 1408 1295 1464 te

393 1501 517 1583 placari
534 1499 676 1576 uoluisti,
694 1508 728 1566 et
744 1499 838 1564 nobis
853 1498 994 1564 salutem
1017 1498 1147 1583 potenti
1170 1499 1295 1581 pietate

394 1600 532 1664 restitui.
578 1600 641 1664 Per
649 1597 671 1664 ³.

753 1684 927 1769 Proesatio.

436 1813 482 1879 U.
502 1813 545 1878 D.
567 1832 626 1896 per
647 1811 806 1877 christum
830 1813 1004 1876 dominum
1028 1821 1185 1877 nostrum.
1231 1812 1293 1876 Per

393 1932 493 1995 quem
508 1923 660 1978 sanctum
676 1922 710 1976 et
731 1911 943 1976 benedictum
966 1931 1087 1976 nomen
1109 1911 1291 1977 maiestatis

392 2021 449 2096 tue
477 2012 600 2096 ubique
629 2020 811 2089 ueneratur,
842 2012 1006 2091 adoratur,
1036 2012 1232 2096 predicatur,
1256 2021 1291 2077 et

393 2114 520 2191 colitur,
536 2112 603 2197 Qui
622 2122 675 2177 est
692 2113 785 2196 origo
799 2112 926 2191 salutis,
941 2113 997 2176 uia
1014 2112 1152 2190 uirtutis,
1169 2123 1203 2177 et
1224 2123 1290 2178 tuae

392 2213 585 2297 propitiatio
600 2213 789 2278 maiestatis.
835 2203 898 2276 Per
914 2231 1015 2294 quem
1031 2213 1240 2277 maiestatem
1251 2211 1275 2276 ⁴.

687 2378 749 2443 Ad
765 2378 994 2461 complendum.

436 2503 688 2570 inmortalitatis
710 2503 900 2569 alimoniam
916 2505 1090 2582 consecuti,
1102 2524 1289 2587 quesumus,

391 2607 535 2680 domine,
557 2615 595 2670 ut
617 2604 706 2688 quod
733 2623 791 2669 ore
815 2604 1022 2688 percepimus
1048 2613 1161 2670 mente
1184 2615 1289 2670 secte-

392 2725 473 2770 mur.
519 2703 581 2769 Per
590 2702 613 2769 ⁶.

721 2789 783 2855 Ad
792 2787 958 2873 populum.

435 2916 610 2983 Familiam
632 2925 734 2996 tuam,
757 2935 944 3001 quesumus,
967 2914 1109 2990 domine,
1133 2917 1290 2981 continua

391 3019 516 3101 pietate
541 3016 679 3094 custodi,
705 3025 743 3080 ut
769 3035 790 3079 a
815 3014 941 3080 cunctis
966 3015 1230 3092 aduersitatibus,
1254 3025 1289 3081 te
1340 3015 1347 3032 '

392 3130 599 3206 protegente,
622 3120 665 3184 sit
694 3118 806 3198 libera,
831 3129 865 3184 et
894 3119 926 3182 in
955 3118 1051 3184 bonis
1078 3119 1207 3184 actibus
1230 3129 1289 3184 tuo

391 3221 517 3286 nomini
532 3221 576 3286 sit
590 3221 723 3284 deuota.
768 3217 861 3283 Peri.

562 3456 801 3525 Demittunt
821 3461 890 3538 pust
909 3461 1091 3540 pentecosten
1099 3459 1120 3522 ⁷.

435 3593 538 3668 Deus,
554 3593 717 3677 refugium
738 3598 888 3656 nostrum
909 3600 943 3656 et
966 3590 1079 3670 uirtus,
1093 3591 1211 3656 adesto
1227 3593 1289 3676 piis

390 3692 537 3758 ecclesiae
566 3702 634 3757 tuae
664 3691 824 3774 precibus,
848 3698 963 3754 auctor
988 3689 1060 3773 ipse
1088 3691 1229 3773 pietatis,
1255 3702 1290 3756 et

389 3803 512 3877 praesta
535 3801 573 3856 ut
594 3793 684 3875 quod
700 3789 841 3854 fideliter
862 3789 1007 3873 petimus
1022 3789 1197 3855 efficaciter
1211 3811 1290 3856 con-

390 3911 577 3975 sequamur.
623 3890 709 3956 Pers

771 3974 910 4042 Secreta.

436 4102 499 4181 Da,
520 4102 704 4167 misericors
726 4101 816 4178 deus,
837 4108 874 4164 ut
896 4099 968 4163 haec
990 4098 1142 4163 salutaris
1164 4099 1289 4167 oblatio

391 4213 425 4269 et
440 4223 461 4268 a
475 4204 615 4287 propriis
630 4203 776 4269 reatibus
792 4221 852 4267 nos
874 4200 1099 4265 indesinenter
1118 4202 1287 4285 expediat,

391 4319 426 4373 et
440 4309 483 4373 ab
499 4309 654 4373 omnibus
668 4316 802 4374 tueatur
817 4305 973 4372 aduersis.
1018 4303 1104 4368 Per.t

424 4502 432 4532 ¹
449 4513 476 4552 Α.
494 4499 562 4566 (The
581 4501 650 4552 titles
666 4501 730 4551 have
751 4501 813 4551 been
876 4511 903 4550 n.

521 4579 619 4630 written
636 4579 701 4639 thus,
711 4579 757 4629 bnt
771 4577 814 4629 the
876 4589 903 4628 ν.

522 4657 678 4710 catchwords
692 4657 755 4708 beve
769 4664 814 4708 not
876 4668 921 4706 ru..

521 4737 584 4788 been
596 4735 664 4787 filled
675 4737 721 4800 in).
876 4744 920 4784 or.

468 4827 504 4866 rs.
876 4823 921 4862 co.

423 4892 486 4942 This
498 4881 567 4941 Mass
578 4892 600 4941 is
610 4891 684 4956 giren
694 4889 733 4941 sor
744 4889 820 4940 Dom.
833 4889 903 4939 xxiii.
915 4897 973 4955 post
984 4889 1042 4941 Oct.
1054 4889 1123 4940 Pent.
1136 4890 1167 4948 in,
1173 4891 1201 4940 Z.

424 4971 539 5021 Another
549 4969 620 5020 Mass
631 4969 654 5020 is
665 4969 763 5020 written
775 4983 807 5018 on
819 4967 863 5018 iol.
876 4969 957 5034 3441).

424 5046 435 5077 ¹
451 5049 481 5099 E.
494 5064 519 5114 p.
530 5049 584 5100 188.
598 5049 625 5098 Z.

392 5127 469 5177 Dom.
482 5127 548 5177 uir.
560 5126 586 5176 in
597 5127 625 5178 Z.

425 5205 435 5234 ¹
452 5209 525 5270 (con.
538 5204 815 5270 Excitedomineqne·

758 5045 768 5076 ¹
784 5045 849 5097 Ibid.
862 5046 889 5096 Z.
1003 5045 1013 5077 ⁴
1029 5045 1061 5098 0.
1070 5061 1095 5111 p.
1108 5058 1165 5108 340.
1175 5044 1239 5096 Prel.
1250 5044 1289 5097 ior

756 5124 767 5156 ⁸
783 5124 813 5174 E.
825 5140 850 5190 p.
864 5123 919 5189 189.
934 5125 962 5174 Z.
1075 5124 1086 5156 ⁸
1102 5123 1227 5176 Ibidem.
1239 5125 1266 5174 Z.

877 5213 921 5254 At.
932 5203 1053 5254 Dextram

876 5293 922 5332 nv.
933 5283 998 5332 Cum
1006 5282 1168 5334 snblemsset.

877 5370 921 5410 or.
932 5360 974 5411 De
984 5361 1119 5426 profundis

877 5450 920 5490 co.
932 5439 1014 5490 Amen
1025 5439 1103 5504 dico).

556 5299 647 5345 snmus,
659 5290 766 5335 tnornm.

510 5360 583 5411 Dicit
592 5360 708 5411 dominns
719 5375 776 5426 ego.

453 5451 496 5491 nr.
508 5439 573 5489 Ecce
583 5440 644 5490 dies.

453 5527 499 5567 ou.
511 5516 634 5568 Libernsti
645 5531 698 5567 nos.

426 5593 489 5646 Tbis
500 5595 570 5646 Mass
581 5595 686 5662 isgiven
697 5595 737 5647 lor
748 5595 826 5648 Dom.
836 5595 902 5648 xxiv.
913 5601 970 5662 post
981 5595 1039 5650 Oct.
1052 5596 1122 5648 Pent.
1134 5596 1160 5647 in
1171 5597 1200 5647 Z.

1552 641 1556 650 ,
1621 556 1722 663 aput
1740 559 1760 633 t.
1779 559 1957 656 means.

1706 758 1880 843 Proefatr'o.
1970 782 1974 790 ·

1393 881 1437 948 U.
1450 883 1493 948 D.
1508 891 1632 948 aeteme
1646 885 1738 950 deus.
1777 885 1823 949 Et
1837 885 1898 951 tibi
1914 884 2028 950 laudes
2044 885 2174 953 debitas
2189 886 2244 969 pio

1347 981 1472 1048 honore
1491 981 1626 1060 deferre,
1649 992 1683 1048 et
1706 983 1905 1049 mirabilium
1926 993 2059 1049 tuorum
2081 985 2244 1051 inenarra-

1347 1085 1425 1151 bilia
1450 1087 1604 1170 preconia
1627 1087 1748 1152 deuote
1774 1089 1896 1152 mentis
1922 1089 2133 1154 ueneratione
2158 1090 2242 1156 cele·

1347 1186 1453 1262 brare,
1468 1185 1585 1270 Teque
1599 1185 1799 1251 ineffabilem
1814 1197 1915 1270 atque
1930 1188 2126 1253 inuisibilem
2145 1190 2244 1254 deum

1347 1285 1491 1367 laudare,
1504 1285 1709 1360 benedicere,
1724 1287 1871 1352 adorare.
1917 1287 1980 1352 Per
1994 1287 2151 1353 christum
2160 1285 2181 1352 ¹.

1644 1458 1705 1524 Ad
1721 1460 1950 1543 complendum.

1389 1583 1608 1670 Sumpsimus,
1626 1587 1769 1665 domine,
1791 1587 1875 1651 sacri
1897 1588 1985 1651 dona
2008 1587 2163 1670 mysterii,
2183 1585 2244 1651 hu·

1347 1686 1467 1752 militer
1488 1688 1705 1770 deprecantes
1728 1695 1765 1752 ut
1787 1707 1863 1770 quae
1884 1687 1918 1751 in
1940 1687 1990 1751 tui
2008 1706 2245 1752 commemora-

1346 1787 1438 1852 tione
1462 1807 1522 1852 nos
1543 1787 1652 1852 iacere
1674 1787 1849 1869 precepisti
1872 1785 1905 1849 in
1927 1793 2049 1851 nostrae
2071 1786 2243 1869 proficiant

1346 1887 1547 1952 infirmitatis
1561 1886 1733 1952 auxilium.
1778 1885 1847 1950 Per.

1519 2147 1674 2214 nouum
1685 2147 1767 2212 cmii.
1787 2152 1856 2230 post
1875 2151 2059 2230 pentecosten
2066 2149 2088 2211 ¹.

1391 2281 1526 2359 Excita,
1551 2281 1694 2362 domine,
1721 2301 1908 2365 quesumus,
1935 2291 2065 2346 tuorum
2095 2279 2241 2345 fidelium

1348 2381 1544 2462 uoluntates,
1567 2392 1605 2446 ut
1626 2381 1730 2445 diuini
1751 2381 1859 2464 operis
1881 2380 2024 2446 fructum
2050 2381 2242 2463 propensius

1347 2491 1568 2564 exsequentes
1589 2481 1722 2565 pietatis
1744 2489 1811 2546 tuae
1834 2480 1981 2545 remedia
2001 2479 2125 2544 maiora
2139 2480 2241 2563 perci-

1347 2583 1448 2665 piant.
1491 2582 1576 2646 Per.t

1465 2885 1618 2968 lndptuut
1637 2885 1784 2950 ttatbnrs
1804 2887 1839 2948 tt
1860 2887 1989 2949 eburata
2008 2883 2126 2948 mutui

1494 3002 1667 3070 ultimate
1680 3002 1734 3067 uu
1756 3007 1824 3067 ante
1843 3002 2100 3067 neturbemini

1390 3147 1545 3229 Eumne,
1582 3161 1742 3228 pomus,
1771 3161 1985 3227 Qunsuuus
2024 3161 2239 3213 ronnurrau

1347 3261 1455 3312 TUAM
1478 3259 1511 3314 et
1533 3249 1617 3326 ueni,
1641 3257 1678 3313 ut
1699 3250 1742 3312 ab
1765 3247 2011 3312 imminentibus
2030 3256 2240 3332 peccatorum

1346 3359 1533 3415 nostrorum
1543 3349 1693 3434 periculis
1704 3357 1739 3414 te
1749 3369 1933 3414 mereamur
1944 3357 2140 3434 protegente
2152 3347 2240 3432 eripi,

1346 3457 1381 3515 te
1391 3449 1561 3526 liberante,
1573 3449 1702 3514 saluari.
1736 3448 1803 3533 Qui
1817 3449 1901 3514 uiuis
1913 3457 1947 3513 et
1962 3468 2080 3533 regnas
2091 3469 2166 3514 cum
2178 3451 2241 3513 deo

1346 3559 1449 3633 patre,
1465 3549 1499 3612 in
1514 3549 1642 3614 unitate
1664 3549 1798 3632 spiritus
1820 3549 1937 3624 sancti,
1952 3548 2034 3613 deus
2056 3567 2115 3631 per
2132 3549 2241 3612 omnia

1346 3650 1491 3714 saeculas

1724 3733 1863 3800 Secreta.

1390 3861 1476 3926 Haec
1498 3879 1591 3926 sacra
1613 3879 1682 3939 nos,
1697 3861 1840 3936 domine,
1855 3861 1984 3943 potenti
2004 3857 2127 3924 uirtute
2148 3879 2241 3924 mun·

1345 3963 1443 4026 datos
1464 3959 1508 4024 ad
1538 3979 1634 4024 suum
1656 3958 1779 4024 saciant
1807 3959 1954 4042 puriores
1982 3957 2095 4023 uenire
2122 3957 2239 4041 princi-

1345 4059 1447 4143 pium.
1492 4059 1577 4124 Per.⁷

1712 4144 1874 4229 Presatio.

1389 4269 1432 4336 U.
1448 4270 1492 4335 D.
1507 4277 1630 4334 aeteme
1644 4269 1735 4333 deus.
1781 4267 1845 4334 Cui
1866 4268 2035 4350 proprium
2057 4276 2108 4331 est
2122 4285 2160 4330 ac
2175 4265 2240 4328 sin·

1345 4369 1468 4452 gulare,
1484 4370 1574 4453 quod
1596 4370 1704 4434 bonus
1718 4389 1762 4448 es,
1778 4379 1811 4434 et
1829 4367 1920 4432 nulla
1941 4385 2101 4450 umquam
2116 4373 2185 4430 ate
2203 4383 2239 4430 es

1344 4469 1605 4534 commutatione
1641 4468 1797 4544 diuersus,
1829 4465 2021 4549 Propitiare,
2051 4483 2238 4549 quesumus,

1343 4567 1636 4652 supplicationibus
1658 4567 1785 4656 nostris,
1802 4577 1836 4632 et
1858 4565 2004 4632 ecclesiae
2025 4573 2094 4629 tuae
2116 4564 2239 4629 miseri·

1343 4669 1490 4733 cordiam
1511 4677 1614 4746 tuam,
1630 4688 1730 4750 quam
1748 4667 1950 4749 deprecatur,
1966 4664 2114 4739 ostende,
2132 4662 2238 4726 Mani·

1376 4888 1386 4919 ¹
1401 4889 1434 4942 Ο.
1445 4907 1471 4957 p.
1484 4904 1540 4956 34¹·
1552 4889 1605 4940 Per.
1619 4902 1693 4953 quem
1704 4893 1824 4942 sanctum.
1835 4891 1891 4944 etc,
1902 4892 1933 4934 ut
1942 4891 2020 4948 supra
2032 4885 2059 4934 Z.

1376 4967 1386 4998 ¹
1403 4970 1465 5033 (Sec.
1477 4969 1604 5034 Propitius
1614 4974 1675 5017 esto.
1687 4965 1762 5031 Praefl
1780 4968 1795 5002 *
1811 4967 1826 5001 *
1843 4965 1959 5014 Postcom.
1976 4962 2116 5024 Concede).

1375 5047 1439 5098 This
1450 5048 1521 5098 Mass
1531 5047 1553 5096 is
1563 5047 1636 5112 given
1647 5043 1686 5096 lor
1697 5044 1774 5095 Dom.
1787 5059 1844 5093 xxv.
1855 5048 1912 5108 post
1923 5041 1981 5093 Oct.
1993 5041 2062 5091 Pent.
2074 5041 2101 5090 in
2113 5040 2139 5092 Z.

1375 5125 1478 5175 'Dum
1495 5125 1511 5175 i.
1529 5124 1658 5174 Adventus
1677 5123 1709 5172 R.
1725 5121 1751 5174 S.
1768 5120 1924 5173 Ebdomedae
1940 5137 1964 5172 n.
1979 5121 2009 5170 E.
2027 5119 2076 5180 V.;
2093 5120 2125 5168 ir.
2139 5115 2238 5168 Gemet.

1342 5205 1440 5256 'l'heod
1451 5204 1479 5256 ii.
1492 5204 1555 5255 Bod.

1392 5295 1419 5334 Α.
1430 5282 1472 5332 Ad
1484 5289 1509 5333 te
1520 5281 1611 5332 lennni.

1393 5373 1431 5413 ss.
1442 5361 1504 5414 Uias
1516 5367 1578 5420 tnss,
1590 5358 1699 5410 domine.

1393 5452 1420 5491 R.
1431 5439 1549 5491 Uniuersi
1559 5439 1602 5505 qni
1613 5446 1646 5489 te.

1394 5529 1421 5568 v.
1431 5517 1495 5568 Uias
1505 5525 1568 5577 tues,
1579 5516 1688 5567 domine.

1395 5605 1439 5648 nt..
1450 5595 1560 5648 Ostende
1570 5593 1651 5646 nobis

1847 5290 1891 5329 os.
1903 5278 1945 5328 Ad
1957 5284 1989 5336 te,
1999 5275 2106 5334 domine,
2118 5275 2207 5325 lenrni.

1847 5367 1873 5408 v.
1887 5357 1975 5421 Dirige
1986 5371 2033 5406 me.
2058 5353 2171 5420 Respice.

1846 5445 1889 5486 co.
1903 5434 2028 5485 Dominus
2038 5433 2110 5484 dabir
2126 5431 2237 5496 benigni·

1912 5519 1997 5564 tatem.
