5122 6610
462 616 534 690 130
755 593 907 670 utura
921 593 1069 672 numu.

609 796 695 860 Item
716 795 796 860 alia.
840 793 894 859 De
913 789 1056 860 aduentu
1077 793 1215 860 domini.

504 921 726 1005 Omnipotens
748 921 830 985 deus
851 939 912 984 uos
932 917 1065 1003 placido
1084 919 1179 985 uultu
1198 920 1360 1003 respiciat,

460 1034 494 1090 et
523 1023 557 1087 in
586 1042 647 1087 uos
676 1040 745 1085 suae
774 1019 1015 1085 benedictionis
1044 1019 1169 1085 donum
1199 1019 1359 1086 infundat.

426 1179 430 1192 .
459 1122 583 1187 Amen.

503 1222 548 1286 Et
563 1219 620 1304 qui
635 1218 697 1285 hos
713 1219 785 1283 dies
803 1219 1029 1283 incarnatione
1043 1219 1203 1304 unigeniti
1218 1219 1268 1283 sui
1283 1220 1360 1284 fecit

459 1321 645 1399 sollemnes,
661 1340 681 1384 a
699 1319 827 1384 cunctis
848 1318 1009 1402 presentis
1025 1328 1059 1383 et
1074 1318 1193 1383 suturae
1208 1320 1286 1383 uitae
1301 1320 1359 1384 ad-

460 1421 671 1486 uersitatibus
686 1437 748 1483 uos
762 1419 881 1483 reddat
896 1417 1102 1500 indempnes.
1147 1416 1271 1482 Amen.

504 1521 554 1586 Ut
569 1521 626 1603 qui
644 1519 687 1583 de
709 1518 855 1582 aduentu
879 1519 1098 1600 redemptoris
1119 1518 1222 1583 nostri
1244 1538 1360 1583 secun·

459 1622 540 1685 dum
556 1637 687 1685 carnem
707 1620 830 1682 deuota
849 1626 961 1681 mente
982 1617 1149 1696 laetamini,
1164 1619 1197 1682 in
1215 1619 1361 1682 secundo

459 1742 535 1784 cum
559 1721 591 1783 in
615 1719 790 1782 maiestate
818 1718 954 1794 uenerit,
971 1719 1115 1801 praemiis
1139 1719 1216 1782 uitae
1239 1727 1361 1800 aeteme

459 1820 619 1884 ditemini.
663 1816 784 1882 Amen.

503 1919 603 2003 Quod
619 1920 690 2002 ipse
706 1926 864 2001 praestare
873 1914 894 1981 ¹.

635 2183 707 2248 stu
721 2183 867 2249 staturus
879 2187 914 2248 tr
929 2189 1058 2250 stumtu
1069 2185 1187 2250 tantini

506 2329 638 2410 Excita,
654 2331 796 2408 domine,
808 2331 995 2412 potentiam
1010 2339 1104 2394 tuam
1119 2341 1212 2396 tuam
1228 2340 1262 2397 et
1277 2332 1362 2410 ueni,

461 2439 496 2495 et
516 2431 606 2512 quod
623 2429 768 2495 ecclesiae
791 2439 859 2494 tuae
874 2429 1063 2514 promisisti,
1079 2450 1183 2514 usque
1205 2432 1238 2495 in
1261 2432 1360 2497 finem

461 2529 571 2594 saeculi
587 2529 766 2594 clementer
780 2547 926 2612 operare.
965 2528 1031 2613 Qui
1048 2531 1133 2594 uiuis
1148 2541 1182 2597 et
1198 2544 1340 2616 regnaut

863 2708 956 2776 Als'a.

506 2833 734 2900 Conscientiae
756 2843 895 2910 nostras,
910 2855 1100 2918 quesumus,
1118 2836 1261 2916 domine,
1283 2836 1360 2902 uisi·

460 2935 565 3000 tando
588 2933 733 3017 purifica,
757 2944 795 2999 ut
821 2935 957 3022 ueniens
979 2935 1091 3000 ihesus
1113 2936 1252 3002 christus
1275 2936 1361 3004 filius

460 3046 537 3099 tuus
551 3034 705 3099 dominus
721 3042 832 3099 noster
846 3045 997 3117 paratam
1021 3036 1084 3101 sibi
1106 3037 1252 3102 inueniat
1268 3057 1361 3102 man·

460 3137 598 3200 sionem.
643 3134 710 3218 Qui
725 3144 863 3200 tecum.t

861 3307 956 3374 Alia.

506 3431 614 3516 Prope
629 3443 711 3510 esto,
726 3433 870 3510 domine,
885 3433 1040 3498 omnibus
1058 3433 1312 3499 inuocantibus²
1327 3445 1362 3500 te

461 3535 495 3599 in
510 3533 659 3610 ueritate,
674 3542 711 3597 ut
732 3532 765 3596 in
788 3533 935 3597 aduentu
958 3531 1016 3597 filii
1038 3535 1086 3597 tui
1109 3534 1235 3598 domini
1258 3535 1360 3600 nostri

460 3633 592 3717 placitis
607 3631 667 3698 tibi
683 3633 812 3697 actibus
827 3641 1063 3716 presentemur.
1105 3633 1168 3699 Per
1182 3636 1349 3701 eundem.t

861 3809 954 3874 Alia.

509 3936 673 4014 Concede,
711 3957 901 4020 quesumus,
939 3938 1151 4021 omnipotens
1195 3942 1287 4019 deus,
1324 3951 1361 4006 ut

464 4058 586 4121 magne
615 4037 805 4103 festiuitatis
835 4047 973 4104 uentura
1006 4038 1178 4102 sollemnia
1205 4061 1362 4124 prospero

463 4137 667 4203 celebremus
690 4136 819 4214 effectu,
842 4139 1030 4221 pariterque
1053 4138 1230 4204 reddamur
1255 4150 1289 4206 et
1315 4142 1363 4206 in·

462 4238 547 4302 tenti
576 4236 764 4302 caelestibus
793 4239 983 4321 disciplinis,
1007 4249 1041 4302 et
1068 4239 1111 4302 de
1138 4240 1257 4304 nostris
1279 4251 1363 4307 tem-

462 4335 597 4422 poribus
612 4335 789 4402 laetiores⁸.
832 4339 919 4403 Pers

862 4520 956 4585 Alia.

502 4647 635 4710 Mentes
650 4654 789 4722 nostras,
801 4663 990 4729 quesumus,
1004 4648 1148 4727 domine,
1158 4648 1282 4715 lumine
1297 4659 1363 4715 tuae

463 4746 661 4812 uisitationis
683 4745 851 4822 inlumina,
868 4757 906 4811 ut
921 4766 1001 4824 esse,
1018 4758 1052 4811 te
1071 4746 1240 4830 largiente,
1258 4771 1363 4816 mere·

463 4867 559 4911 amur
579 4855 612 4910 et
634 4846 719 4910 inter
740 4866 898 4929 prospera
920 4846 1061 4912 humiles
1076 4857 1110 4914 et
1125 4849 1211 4914 inter
1225 4850 1364 4917 aduersa

464 4947 578 5013 securi.
624 4943 709 5012 Pers

867 5045 959 5112 Alia.

502 5172 619 5238 Preces
633 5173 747 5257 populi
760 5172 817 5252 tui,
829 5192 1017 5255 quesumus,
1029 5173 1172 5254 domine,
1184 5175 1365 5242 clementer

465 5273 597 5351 exaudi,
612 5283 650 5338 ut
665 5273 720 5356 qui
743 5275 787 5337 de
808 5273 954 5337 aduentu
978 5274 1138 5356 unigeniti
1161 5274 1219 5340 filii
1241 5277 1290 5341 tui
1314 5296 1364 5341 se·

466 5373 609 5436 cundum
626 5392 756 5437 carnem
773 5373 935 5452 laetantur,
951 5373 984 5436 in
1004 5375 1158 5454 secund0,
1174 5393 1249 5440 cum
1264 5395 1364 5440 uene·

499 5547 507 5577 ¹
524 5549 555 5600 0.
568 5564 593 5613 p.
606 5556 664 5615 374⁴
968 5549 978 5580 ¹
994 5553 1195 5618 exspectantibus
1206 5553 1238 5604 V.

499 5625 509 5656 ¹
525 5627 650 5682 Censores
661 5628 683 5680 is
694 5630 792 5680 written
804 5645 836 5680 on
849 5630 891 5682 the
902 5629 999 5695 margin
1011 5631 1045 5695 by
1056 5647 1071 5682 s
1082 5631 1146 5683 later
1156 5631 1230 5684 hand.

1637 590 1841 668 druensis
1857 590 2084 681 numanatis.

1411 791 1453 859 rit
1476 792 1508 857 in
1533 793 1707 858 maiestate
1730 811 1790 857 sua
1808 789 1982 875 praemium
2004 800 2128 875 aeterne
2150 790 2218 876 uite
2239 813 2312 876 per·

1410 894 1520 977 cipiat.
1566 892 1673 958 Per¹.⁷

1655 1121 1846 1188 ducenum
1866 1119 2070 1198 matanatis.

1450 1255 1603 1319 Exoncszo
1614 1274 1661 1329 ru,
1673 1257 1770 1316 omnis
1781 1253 2005 1315 inmundissime
2015 1255 2139 1332 spiritus,
2147 1272 2237 1314 omne
2248 1253 2311 1314 san·

1409 1361 1504 1412 tanus
1517 1351 1636 1423 inimici,
1651 1351 1681 1408 in
1696 1350 1817 1410 nomine
1831 1349 1880 1408 dei
1893 1350 1982 1425 patris
2001 1350 2223 1427 omnipotentis,
2237 1359 2266 1408 et
2279 1351 2310 1408 in

1410 1445 1491 1506 ihesu
1512 1445 1611 1506 christi
1633 1445 1683 1504 tilii
1704 1447 1774 1516 eius,
1796 1454 1826 1503 et
1845 1443 1964 1520 spiritus
1985 1444 2086 1515 sancti,
2101 1452 2134 1502 ut
2153 1443 2263 1504 exeatis
2282 1455 2310 1504 et

1410 1539 1552 1600 recedatis
1572 1539 1611 1599 ab
1634 1539 1689 1600 hac
1710 1539 1808 1617 specie
1834 1538 2001 1598 timiamatis
2023 1538 2087 1598 siue
2109 1539 2222 1599 incensi
2242 1557 2310 1600 cum

1410 1636 1493 1694 omni
1507 1633 1619 1693 fallacia
1633 1653 1667 1693 ac
1683 1633 1812 1711 nequitia
1825 1643 1929 1704 uestra,
1941 1643 1974 1691 ut
1985 1632 2021 1693 sit
2035 1631 2092 1707 hec
2104 1633 2218 1712 species
2227 1651 2311 1694 sanc·

1410 1729 1518 1788 tificata
1532 1729 1562 1787 in
1576 1729 1697 1788 nomine
1712 1727 1825 1787 domini
1838 1728 1931 1787 nostri
1945 1725 2028 1786 ihesu
2042 1725 2149 1798 christi,
2160 1738 2193 1787 ut
2206 1745 2310 1788 omnes

1410 1833 1565 1901 gestantes,
1584 1833 1749 1899 tangentes,
1767 1822 1925 1882 odorantes
1945 1805 2020 1892 eam,
2036 1821 2172 1882 uirtutem
2191 1833 2221 1882 et
2241 1840 2310 1881 aux-

1410 1917 1490 1977 ilium
1504 1917 1664 1994 percipiant
1679 1917 1798 1994 spiritus
1819 1916 1922 1988 sancti,
1937 1915 1977 1975 ita
1997 1926 2029 1974 ut
2049 1933 2111 1976 non
2131 1913 2241 1976 ibidem
2261 1915 2311 1974 ubi

1410 2012 1465 2086 hec
1493 2011 1612 2071 incensa
1638 2010 1686 2070 uel
1714 2009 1894 2070 thimiamata
1918 2005 2050 2090 sueri(n)t
2076 2008 2311 2088 adpropinquare

1410 2106 1550 2178 audeatis,
1565 2123 1620 2165 nec
1639 2106 1762 2165 aduersa
1783 2105 1911 2164 inserere
1932 2104 2114 2181 presumatis.
2155 2105 2267 2164 Adiuro
2282 2115 2311 2164 te

1411 2219 1462 2280 per
1476 2216 1586 2260 nomen
1606 2208 1636 2258 et
1657 2218 1710 2277 per
1723 2199 1859 2258 uirtutem
1881 2199 1928 2258 dei
1948 2199 2040 2275 patris
2060 2199 2269 2277 omnipotentis
2282 2209 2311 2258 et

1410 2294 1493 2355 ihesu
1507 2293 1605 2354 christi
1619 2293 1669 2352 filii
1684 2294 1755 2364 eius,
1765 2293 1816 2370 qui
1831 2302 1973 2378 uentums
1986 2301 2033 2352 est
2046 2293 2077 2351 in
2091 2294 2193 2370 spiritu
2207 2303 2310 2354 sancto

1411 2390 1538 2450 iudicare
1557 2387 1643 2448 uiuos
1664 2407 1700 2448 ac
1723 2399 1857 2448 mortuos
1878 2398 1908 2447 et
1928 2388 2006 2448 nos'
2026 2388 2258 2466 preuaricatores
2281 2399 2310 2448 et

1411 2483 1550 2544 saeculum
1564 2501 1616 2560 per
1630 2483 1738 2559 ignem.
1780 2481 1907 2542 Amm'.

1451 2577 1605 2638 AEtemam
1617 2595 1652 2636 ac
1667 2577 1854 2636 iustissimam
1868 2576 2008 2654 pietatem
2019 2586 2100 2636 tuam
2111 2576 2309 2653 deprecamur,

1412 2669 1540 2745 domine,
1554 2671 1735 2732 sanctissime
1751 2681 1842 2748 pater,
1858 2671 2047 2747 omnipotens
2062 2681 2170 2730 aeteme
2185 2670 2264 2742 deus,
2278 2680 2311 2729 ut

1411 2765 1585 2826 benedicere
1605 2765 1733 2844 digneris
1752 2765 1816 2826 haec
1837 2751 2026 2837 thimiamata,
2044 2763 2092 2824 uel
2112 2764 2225 2825 incensi
2246 2781 2310 2842 spe·

1411 2862 1496 2934 ciem
1511 2871 1543 2920 ut
1557 2861 1593 2920 sit
1607 2861 1760 2920 incensum
1775 2860 1917 2920 maiestati
1939 2869 1988 2934 tue
2010 2860 2040 2918 in
2057 2859 2150 2920 odore
2164 2859 2312 2920 suanum

1412 2965 1575 3033 acceptum.
1618 2954 1692 3014 Sita
1710 2964 1738 3014 te
1757 2953 1812 3030 hec
1833 2955 1947 3032 species
1968 2953 2131 3026 beneclee,
2147 2955 2183 3014 sit
2203 2971 2256 3032 per
2268 2954 2310 3012 in-

1412 3050 1598 3110 uocationem
1613 3049 1706 3109 sancti
1721 3049 1850 3109 nominis
1867 3049 1909 3108 tul
1931 3049 2121 3122 sanctificata,
2135 3049 2175 3108 ita
2195 3059 2228 3108 ut
2248 3048 2310 3108 ubi·

1412 3161 1539 3222 cumque
1559 3142 1657 3203 furnus
1676 3142 1738 3202 eins
1755 3144 1928 3221 pemenerit‚
1946 3143 2100 3203 extricetur
2119 3153 2150 3204 et
2169 3143 2311 3220 effugetur

1413 3241 1451 3300 ab
1472 3257 1510 3299 eo
1529 3238 1597 3298 loco
1618 3255 1709 3297 omne
1732 3255 1827 3315 genus
1851 3237 2073 3312 demoniorum,
2095 3238 2170 3298 sicut
2189 3239 2311 3298 incensu

1412 3334 1516 3394 iecoris
1529 3332 1629 3412 piscis,
1643 3349 1733 3410 quem
1748 3331 1867 3410 raphael
1881 3331 2074 3410 archangelus
2087 3333 2198 3392 tobiam
2218 3331 2311 3392 samu·

1412 3429 1474 3488 lum
1488 3439 1571 3487 tuum
1585 3445 1672 3505 super
1686 3427 1831 3488 carbones
1843 3445 1954 3505 ponere
1975 3425 2084 3500 docuit,
2099 3445 2168 3487 cum
2182 3427 2311 3488 ascendit

1412 3523 1451 3584 ad
1479 3539 1544 3600 sara
1573 3521 1786 3581 liberationem.
1827 3519 2000 3582 Descendat
2026 3521 2191 3584 benedictio
2225 3541 2312 3600 super

1412 3619 1490 3678 hane
1504 3616 1633 3695 speciem
1653 3615 1765 3676 incensi
1785 3625 1815 3676 et
1835 3616 2033 3688 thimiamatis,
2054 3617 2127 3677 sicut
2151 3617 2182 3676 in
2204 3617 2253 3676 illo
2273 3603 2311 3678 de

1412 3730 1472 3792 quo
1501 3711 1591 3772 dauid
1614 3710 1759 3789 propheta
1779 3721 1847 3771 tuus
1867 3710 1981 3782 cecinit,
2002 3710 2122 3772 dicens:
2148 3711 2311 3790 ‘Dirigatur

1413 3807 1507 3868 oratio
1536 3824 1609 3884 mea,
1630 3807 1705 3865 sicut
1733 3805 1886 3866 incensum
1909 3805 1942 3865 in
1969 3815 2131 3883 conspectu
2157 3805 2227 3866 tuo!
2269 3803 2312 3866 Sit

1413 3902 1472 3962 hoc
1495 3901 1651 3960 incensum
1672 3899 1759 3960 nobis
1779 3897 1855 3960 odor
1876 3899 2093 3972 consolationis,
2114 3899 2263 3960 suauitatis
2282 3909 2311 3960 et

1413 3995 1512 4074 gratio,
1527 4004 1559 4054 ut
1573 3993 1653 4054 fumo
1668 3993 1724 4053 isto
1741 3991 1885 4072 effugetur
1897 4011 1987 4053 omne
2005 3993 2149 4054 fantasma
2162 3996 2268 4055 mentis
2283 4005 2312 4056 et

1413 4090 1555 4168 corporis,
1576 4100 1609 4150 ut
1630 4089 1730 4162 simus,
1751 4089 1830 4166 pauli
1850 4087 1976 4166 apostoli
1997 4103 2081 4160 uoce,
2099 4090 2216 4152 ‘bonus
2236 4091 2312 4152 odor

1414 4191 1472 4251 deo
1486 4190 1516 4248 in
1531 4189 1612 4250 omni
1625 4189 1710 4249 loco!
1752 4187 1905 4265 Effugiant
1918 4207 1936 4248 a
1950 4188 2024 4249 lacie
2043 4189 2129 4250 hairu
2148 4191 2262 4252 incensi
2282 4203 2312 4251 et

1415 4283 1601 4344 thimiamatis
1626 4299 1730 4342 omnes
1750 4283 1884 4342 incrusus
1904 4283 2128 4356 daemoniomm,
2150 4284 2226 4344 sicut
2248 4285 2313 4362 pui-

1415 4379 1460 4439 uis
1474 4397 1491 4438 a
1505 4377 1579 4438 facie
1599 4378 1688 4448 uenti,
1703 4388 1732 4436 et
1745 4377 1819 4437 sicut
1840 4375 1937 4436 sumus
1951 4397 1969 4436 a
1982 4377 2056 4437 facie
2077 4377 2162 4455 ignis
2203 4378 2311 4454 Presta,

1416 4490 1583 4551 quesumus,
1595 4472 1725 4549 piissime
1738 4481 1830 4549 pater,
1843 4471 1901 4530 hoc
1912 4472 1983 4530 boni
1997 4471 2097 4531 odoris
2107 4471 2260 4533 incensum
2274 4475 2312 4534 ad

1415 4586 1491 4646 opus
1506 4566 1628 4642 ecclesie
1643 4578 1698 4643 tus,
1713 4567 1754 4625 ob
1772 4581 1890 4626 causam
1911 4565 2059 4642 religionis
2079 4567 2184 4644 iugiter
2197 4585 2313 4644 perma-

1415 4682 1494 4736 nere,
1517 4672 1550 4722 ut
1570 4661 1684 4722 mistica
1703 4661 1789 4722 nobis
1811 4660 2024 4738 significatione
2045 4661 2235 4739 spiritualium
2254 4664 2312 4723 uir·

1415 4769 1508 4818 tutum
1530 4756 1662 4835 fragrans
1682 4755 1819 4816 ostendat
1838 4756 1913 4816 odor
1932 4757 2113 4816 suauitatem.
2154 4757 2222 4816 Tua
2242 4775 2313 4835 ergo

1445 4927 1454 4959 ¹
1471 4927 1641 4992 ÷1>raest2.q.‚
1651 4925 1808 4986 o.d.,ntiiiii
1818 4927 1854 4976 tui
1865 4926 2314 4992 umtnmsollernpuitssetpsaesentis

1415 5007 1474 5058 uitae
1485 5006 1557 5056 nobis
1568 5005 1677 5057 remedia
1689 5005 1807 5061 cmierat.
1818 5012 1843 5056 et
1854 5005 1957 5070 premis
1968 5011 2060 5056 mans
2071 5006 2198 5058 conce&
2234 5005 2287 5057 Per.

1449 5087 1598 5150 Quesumus,
1619 5099 1644 5135 ο.
1663 5083 1697 5145 d,
1715 5097 1807 5148 praeces
1825 5090 1924 5132 nostrus
1943 5083 2047 5148 respice,
2067 5091 2093 5135 et
2110 5091 2159 5134 usse
2177 5098 2252 5149 mper
2268 5100 2314 5136 nos

1415 5164 1510 5214 uiscera
1518 5161 1619 5228 pietatis
1630 5161 1753 5226 impende.
1765 5169 1793 5211 ut
1803 5161 1846 5226 qni
1856 5177 1888 5212 ex
1897 5169 1982 5211 nostra
1993 5161 2068 5228 culpa
2083 5161 2222 5228 afflighem,
2234 5163 2315 5214 salua·

1416 5250 1470 5293 tore
1481 5248 1566 5292 nostm
1578 5240 1725 5291 aduemme
1736 5240 1890 5305 nspimmns.
1924 5239 1978 5290 Per.

1449 5320 1552 5384 Porrige
1571 5318 1652 5374 nobis,
1670 5318 1735 5379 dne,
1754 5317 1881 5369 dentum
1900 5325 1950 5368 triae
1972 5318 2144 5383 uenerationis,
2165 5327 2192 5372 et
2212 5327 2315 5386 pacata

1416 5407 1501 5450 noma
1512 5396 1662 5462 propitiatus
1674 5396 1786 5448 absolue.
1820 5395 1874 5447 Per.

1449 5476 1526 5535 Deus,
1535 5475 1577 5541 qui
1588 5475 1668 5526 nostri
1680 5474 1804 5541 conspicis
1816 5491 1913 5541 semper
1924 5475 2068 5527 infirmitate
2078 5475 2188 5535 destitui,
2195 5477 2316 5530 aduentus

1416 5555 1452 5606 tui
1464 5569 1510 5606 nos
1521 5553 1665 5606 uisitatione
1676 5554 1781 5605 custodi.
1816 5554 1871 5604 Per.
1884 5553 1910 5603 Z.

1449 5633 1460 5664 ⁸
1476 5634 1528 5684 For
1537 5648 1592 5684 uos.
1662 5643 1670 5674 t
1871 5632 1881 5662 ⁸
1897 5631 1922 5684 S.
1936 5647 1960 5698 p.
1974 5645 2030 5698 335.
