5122 6610
386 587 472 673 ᾗῇ.
492 587 598 681 {butt
617 590 687 674 aa,
705 583 819 662 axau.
838 582 886 669 ὦ.
906 583 1035 659 duab.

270 793 273 798 ’
322 801 396 868 liiii.
411 803 448 868 ab.
462 819 524 883 erp.
551 799 664 867 Natali
678 803 846 865 sannarum
859 799 937 881 preti
948 802 976 862 rt
990 798 1102 862 iaciunt

616 898 777 974 marturum
785 893 805 957 ¹.

308 1045 402 1108 Beati
418 1046 503 1127 proti
520 1065 589 1121 nos,
605 1044 750 1122 domine,
766 1052 800 1107 et
815 1040 945 1107 iacincti
965 1041 1077 1106 t'oueat
1092 1061 1162 1126 pre-

265 1145 347 1208 tiosa
362 1145 533 1221 confessio,
546 1154 580 1209 et
594 1143 650 1227 pia
664 1142 783 1226 iugiter
795 1141 1007 1206 intercessio²
1021 1149 1161 1205 tueatur.

266 1244 349 1308 Pers

253 1355 257 1368 ·
644 1329 784 1394 Secreta.

307 1456 370 1520 Pro
394 1464 583 1522 sanctorum
607 1455 694 1540 proti
718 1465 753 1519 et
777 1453 907 1518 iacincti
932 1473 1068 1517 munera
1093 1452 1163 1532 tibi,

265 1558 405 1635 domine,
428 1557 751 1630 commemoratione,
766 1575 841 1637 quae
864 1552 1033 1630 debemus,
1053 1553 1163 1617 exsol-

266 1657 381 1719 uimus.
432 1655 564 1732 Praesta,
586 1675 773 1738 quesumus,
796 1663 833 1718 ut
857 1652 1039 1716 remedium
1068 1653 1163 1717 nobis

265 1765 421 1840 perpetue
436 1754 551 1821 salutis
565 1763 750 1838 operentur.
798 1754 883 1818 Pers

630 1947 802 2030 Proesatio.

308 2075 352 2140 U.
369 2074 413 2138 D.
427 2084 550 2139 aeterne
567 2074 659 2138 deus.
704 2073 822 2156 Teque
844 2073 877 2136 in
900 2081 1089 2138 sanctorum
1110 2081 1162 2136 tu-

265 2195 358 2241 orum
381 2173 638 2239 confessionibus
660 2173 795 2238 laudare
817 2173 851 2236 in
874 2173 964 2238 cuius
984 2172 1071 2254 facte
1086 2182 1163 2236 sunt

266 2274 384 2338 uirtute
399 2274 550 2338 uictores.
579 2273 724 2358 Quando
740 2273 828 2337 enim
844 2272 989 2336 humana
1003 2271 1163 2354 fragilitas

266 2373 317 2437 uel
345 2375 533 2455 passionem
559 2373 787 2454 aequanimiter
809 2371 892 2436 t'erre
915 2371 1085 2450 sufficeret,
1109 2371 1163 2436 uel

265 2472 367 2536 hostis
382 2472 460 2537 aerii
477 2473 641 2554 nequitias
657 2473 810 2550 uinceret,
826 2471 887 2534 nisi
910 2480 977 2535 tuae
998 2470 1164 2534 firmitatis
1193 2523 1194 2528 ,

265 2572 445 2636 subsidium
468 2571 678 2647 ministrares,
705 2581 740 2636 et
765 2576 856 2636 saeua
878 2570 1015 2635 furentis
1041 2570 1163 2635 inimici

266 2680 415 2754 potenter
429 2691 521 2736 arma
535 2672 742 2737 contereres?
787 2672 851 2735 Per
865 2669 1023 2736 christum
1032 2669 1056 2734 ⁸.

558 2846 620 2912 Ad
637 2846 867 2930 complendum.

308 2973 355 3038 Vt
365 2982 522 3057 percepta
537 2993 607 3049 nos,
624 2973 767 3048 domine,
778 2982 836 3036 tua
854 2982 970 3036 sancta
981 2971 1164 3055 purificent,

267 3072 352 3136 besti
366 3073 454 3156 proti
470 3081 504 3136 et
520 3073 658 3152 iacincti,
675 3092 862 3156 quesumus,
877 3071 1032 3155 imploret
1047 3071 1163 3137 oratio.

267 3172 347 3237 Pers

362 3390 573 3457 annuntiat
587 3396 641 3456 nrt.
671 3390 824 3456 &saltatis
839 3395 946 3456 sunna
959 3390 1059 3455 nutis.

308 3537 424 3616 Deus
448 3552 515 3615 our
541 3551 612 3604 uos
639 3551 838 3602 nonrnnun
869 3550 934 3601 ura
958 3537 1163 3602 exaltatione

266 3649 384 3702 sanctae
400 3639 504 3703 cnrcis
519 3658 630 3702 annua
645 3637 891 3721 sollempnitate
905 3635 1062 3714 laetificas,
1078 3657 1162 3719 prae-

267 3747 315 3801 sta
344 3747 380 3802 ut
410 3738 501 3803 cuius
534 3736 718 3803 misterium
747 3739 781 3800 in
815 3745 901 3800 terra
938 3737 1162 3818 cognouimus,

267 3837 332 3900 eius
358 3836 596 3920 redemptionis
625 3838 752 3922 premia
781 3835 937 3917 consequi
968 3855 1161 3900 mereamur.

268 3935 325 4000 Per
333 3935 357 4000 ⁶.

643 4022 784 4087 Secreta.

295 4143 466 4226 'Deuotas,
481 4147 624 4225 domine,
640 4146 835 4212 humilitatis
857 4154 979 4210 nostrae
997 4165 1112 4228 preces
1128 4154 1162 4209 et

268 4245 390 4311 hostias
407 4247 637 4311 misericordiae
652 4235 719 4311 tuae
734 4245 931 4311 comitetur⁶
945 4243 1116 4324 auxilium,
1128 4255 1162 4310 et

771 4482 813 4520 nr..
825 4468 951 4518 Mimbilis
960 4467 1031 4518 deus.

770 4558 812 4598 or.
824 4546 1011 4598 Gloriabuntur.

710 4630 712 4634 '
770 4637 813 4676 cu.
824 4626 874 4690 Qui
886 4625 941 4675 uult
953 4625 1044 4675 uenire.

296 4469 305 4498 ¹
321 4483 346 4521 Α.
357 4471 474 4522 iudicant
484 4470 571 4521 sancti.

320 4560 356 4598 Ρε.
368 4548 493 4606 Exultate,
505 4548 570 4599 iusti.
626 4562 630 4570 ·

320 4638 344 4677 a.
356 4627 510 4676 Exultabnnt
521 4626 608 4676 sancti.

321 4715 346 4754 v.
357 4705 463 4755 Caritate
473 4704 584 4756 domino.

295 4779 305 4808 ¹
321 4782 355 4832 So
366 4783 397 4833 Ο.
403 4800 411 4844 3
427 4782 600 4833 intercessione
609 4783 641 4833 V.

297 4859 306 4888 ⁸
321 4861 390 4911 Pam.
402 4879 428 4927 p.
441 4876 498 4926 593,
510 4862 536 4910 in
548 4861 608 4911 Nat.
620 4861 645 4912 S.
657 4859 794 4925 Gorgonii;
812 4859 917 4910 omitted
929 4859 954 4908 in
966 4859 993 4910 Z.

770 4949 814 4988 sn.
824 4938 910 4989 Sancti
918 4937 962 4998 tui,
972 4935 1080 4998 domine,
1089 4936 1162 4987 bene-

852 5016 945 5067 dicant.

771 5106 813 5145 or.
825 5095 935 5144 Dextera
946 5093 1049 5144 domini.

320 5187 346 5225 v.
358 5175 463 5240 Propter
474 5175 542 5240 quod
553 5175 621 5225 dens.
770 5183 813 5222 00.
824 5173 879 5222 Nos
891 5179 974 5222 autem
984 5171 1094 5236 gloriari.

298 5254 307 5284 ⁵
322 5253 378 5305 Gel.
390 5269 415 5318 p.
430 5253 487 5316 667.
507 5252 584 5314 Deus,
596 5253 639 5318 qni
653 5251 774 5317 unigeniti
784 5251 823 5300 tui
838 5249 890 5300 dni.
906 5251 984 5300 nostri
995 5250 1065 5300 ihesu
1077 5248 1162 5301 christi

266 5333 373 5396 pretioso
384 5332 504 5396 sanguine
514 5332 652 5381 humanum
663 5345 741 5394 genus
753 5329 873 5380 redimere
883 5329 1001 5393 dignatus
1012 5345 1045 5390 es,
1056 5327 1163 5379 concede

266 5410 384 5474 propitius
404 5419 432 5459 ut
450 5411 491 5474 qui
510 5409 541 5458 ad
560 5408 715 5458 adorandam
735 5407 861 5458 uiuificam
879 5423 977 5457 crucem
995 5407 1131 5456 adueniunt
1148 5421 1164 5454 a

266 5496 420 5550 peccatorum
432 5503 533 5538 suorum
544 5487 648 5537 nexibus
660 5486 803 5537 liberentur.
839 5486 892 5537 Per.
913 5486 940 5538 Z.
961 5499 980 5538 ε
994 5486 1064 5537 Aleia.
1085 5485 1162 5547 Deus,

266 5563 304 5628 qui
317 5566 384 5631 [nos]
397 5564 524 5626 hodierna,
538 5571 596 5625 etc,
608 5573 638 5616 ut
647 5571 734 5631 supra.
755 5565 781 5616 Ζ.

296 5643 306 5673 “
320 5643 453 5709 pracedat,
464 5643 519 5696 Get
532 5643 562 5694 F.

296 4937 306 4967 ⁴
321 4952 346 4989 n
357 4941 413 4989 Nos
424 4947 507 4989 autem
518 4939 630 5004 gloriari.

321 5029 357 5068 rs
369 5017 440 5067 Dens
451 5017 604 5067 misereatur.

321 5109 345 5147 R.
357 5095 473 5147 Christus
484 5096 565 5146 iactus
578 5102 623 5147 est.

1442 582 1533 669 ss.
1551 523 1704 672 austu,
1724 582 1890 675 ussus

2050 604 2118 677 159

1214 784 1356 850 salutem
1378 805 1480 868 quam
1501 806 1560 869 per
1577 785 1678 850 adam
1700 785 1733 848 in
1753 785 1909 868 paradiso
1929 783 2009 868 ligni
2031 785 2119 850 clau-

1213 893 1302 949 serat
1332 894 1495 949 temerata
1523 884 1729 969 presumptio
1762 883 1843 967 ligni
1877 905 2004 948 rursum
2036 885 2120 950 fides

1213 985 1348 1068 aperiat.
1393 983 1487 1049 Per¹.

1580 1087 1756 1170 Proesatio.

1259 1212 1353 1278 U.D.
1364 1232 1423 1296 per
1432 1211 1590 1277 christum
1602 1214 1774 1279 dominum
1787 1223 1946 1279 nostrum.
1969 1212 2036 1296 Qui
2049 1235 2120 1279 cru-

1215 1332 1287 1377 cem
1295 1313 1451 1386 ascendit,
1460 1313 1656 1395 sanguinem
1666 1313 1760 1393 ludit,
1769 1323 1803 1378 et
1812 1332 1947 1378 omnem
1957 1314 2118 1378 mundum

1214 1405 1398 1496 a'peccato
1424 1413 1575 1476 redemit.
1621 1412 1699 1495 Ipse
1719 1418 1773 1477 est
1804 1411 1892 1476 enirn
1922 1432 2028 1496 agnus
2052 1413 2118 1492 dei,

1215 1511 1285 1594 ipse
1301 1513 1357 1595 qui
1376 1511 1514 1576 abstulit
1528 1521 1665 1595 peccata
1681 1513 1806 1577 mundi.
1850 1511 1916 1596 Qui
1933 1533 2115 1596 numquam

1215 1612 1353 1678 moritur
1365 1612 1565 1688 immolatus,
1576 1622 1610 1677 et
1624 1633 1756 1696 semper
1767 1613 1850 1678 uiuit
1865 1613 2001 1694 occisus,
2016 1635 2117 1697 quem

1214 1711 1386 1776 laudant².

1510 1797 1571 1862 Ad
1589 1798 1817 1881 complendum.

1259 1923 1358 1989 Ihesu
1382 1921 1494 1988 christi
1514 1924 1641 1989 domini
1665 1926 1769 1989 nostri
1792 1925 1950 2010 corpore³
1965 1924 2118 2009 saginati,

1214 2044 1387 2106 perquem
1403 2024 1507 2087 crucis
1522 2034 1573 2088 est
1591 2025 1835 2089 sanctificatum
1850 2024 2023 2100 uexillum,
2039 2044 2119 2106 que·

1215 2145 1339 2199 sumus,
1355 2123 1489 2188 domine
1510 2125 1591 2188 deus
1611 2134 1731 2202 noster,
1751 2133 1789 2188 ut
1811 2122 1895 2207 per⁴
1910 2123 1986 2214 haec·
2004 2134 2120 2188 sancta

1214 2245 1289 2307 quae
1305 2225 1517 2307 sumpsimus,
1534 2225 1750 2308 perennitatis
1766 2225 1836 2290 eius
1850 2223 1964 2308 gloria,
1979 2219 2119 2287 salutis⁴

1214 2323 1381 2406 potiamur
1396 2323 1525 2389 effectu.
1570 2324 1634 2388 Per
1642 2324 1665 2388 ⁶.

1547 2497 1610 2562 Ad
1618 2499 1782 2582 populum.

1258 2625 1390 2690 Adesto
1422 2623 1558 2689 samiliae
1587 2634 1664 2698 tuae,
1688 2644 1877 2708 quesumus,
1908 2621 2054 2687 clemens
2085 2632 2119 2686 et

1215 2727 1397 2791 misericors
1412 2726 1503 2804 deus,
1517 2733 1554 2790 ut
1570 2725 1603 2788 in
1618 2724 1765 2789 aduersis
1780 2733 1814 2788 et
1825 2723 1990 2807 prosperis
2005 2742 2118 2805 preces

1215 2826 1286 2889 eius
1314 2825 1483 2902 exaudias,
1506 2834 1540 2889 et
1562 2823 1654 2888 nefas
1676 2825 1938 2888 aduersariorum
1961 2842 2021 2905 per
2034 2841 2118 2884 aux·

1215 2925 1307 2989 ilium
1323 2934 1447 2990 sanctae
1462 2924 1566 2988 crucis
1581 2923 1726 3006 digneris
1742 2929 1968 2998 contererent
1984 2929 2116 3003 portum

1214 3026 1330 3090 salutis
1344 3034 1412 3092 tuae
1428 3025 1562 3090 ualeant
1577 3023 1835 3108 adprehendere.
1879 3022 1943 3085 Per
1951 3021 1974 3084 ⁰.

1255 3237 1369 3303 danen
1380 3237 1436 3301 tir.
1461 3235 1574 3302 Natali
1588 3239 1756 3300 sannarum
1771 3232 1883 3297 tumrlii
1899 3236 1925 3295 rt
1940 3231 2076 3312 appetant.

1259 3379 1490 3444 Infirmitatem
1503 3385 1662 3452 nostram,
1678 3395 1867 3459 quesumus,
1882 3373 2026 3450 domine,
2042 3392 2117 3454 pro-

1214 3478 1315 3560 pitius
1330 3479 1464 3562 respice,
1477 3487 1511 3541 et
1524 3476 1612 3540 mala
1627 3475 1748 3553 omnia,
1759 3495 1835 3556 quae
1850 3474 1934 3536 iuste
1946 3491 2118 3548 meremur,

1214 3588 1403 3643 sanctorum
1430 3587 1564 3641 tuorum
1588 3575 1724 3640 cornelii
1747 3584 1782 3640 et
1804 3573 1940 3657 cipriani
1963 3572 2117 3636 interces-

1213 3667 1305 3742 sione
1321 3686 1443 3742 auerte.
1489 3676 1577 3741 Per.⁷

1592 3841 1732 3908 Secreta.

1257 3969 1399 4045 Adest0‚
1416 3969 1560 4046 domine,
1576 3964 1874 4051 supplicationibus
1896 3963 2016 4027 nostris
2034 3983 2117 4046 quas

1214 4071 1247 4133 in
1257 4079 1446 4134 sanctorum
1461 4079 1593 4132 tuorum
1605 4065 1921 4131 commemoratione
1933 4063 2119 4139 deferimus,

1214 4170 1329 4252 utqui
1354 4177 1476 4234 nostrae
1510 4169 1642 4231 iustitiae
1673 4165 1824 4230 fidutiam
1848 4184 1915 4227 non
1944 4162 2117 4236 habemus,

1246 4392 1256 4422 ¹
1273 4392 1329 4444 Gel.
1341 4409 1365 4458 p.
1377 4391 1437 4456 6⁶7;
1454 4393 1485 4442 E.
1497 4407 1523 4456 p.
1534 4391 1588 4454 138.

1248 4471 1324 4522 'For
1340 4472 1391 4522 this
1409 4471 1473 4522 Prei.
1488 4470 1520 4521 Y.
1535 4469 1695 4520 substitutes:
1716 4466 1766 4531 Qui
1784 4465 1856 4516 beate
1873 4463 1952 4514 crucis
1968 4461 2117 4528 patibulum,

1213 4550 1280 4615 quod
1301 4557 1354 4600 erat
1372 4548 1483 4599 scelestis
1502 4547 1536 4597 ad
1552 4562 1642 4612 penam
1664 4543 1808 4596 conuertisti
1828 4542 1964 4608 redemptis
1979 4541 2010 4590 nd
2031 4540 2118 4596 uitam,

1213 4627 1322 4678 concede
1338 4626 1447 4692 plebem,
1464 4633 1511 4676 etc.
1528 4624 1646 4690 [erased].

1247 4707 1274 4755 Z.
1286 4705 1355 4772 gives
1371 4705 1421 4755 this
1435 4703 1550 4754 Prelace:
1567 4702 1633 4753 Uere
1649 4702 1761 4767 dignum.
1791 4699 1840 4748 Per
1852 4697 1971 4750 christum
1988 4695 2117 4745 dominum

1213 4790 1333 4834 nostrum.

1248 4860 1298 4925 Qui
1310 4877 1355 4926 per
1365 4859 1508 4926 passionem
1523 4859 1603 4910 crucis
1614 4856 1734 4907 mnndum
1744 4854 1855 4910 redemit,
1867 4860 1893 4904 et
1907 4853 2009 4917 antique
2022 4851 2118 4900 arboris

1214 4938 1396 4990 amarissimum
1407 4945 1509 5004 gustum
1524 4937 1602 4988 crucis
1618 4933 1783 4984 medicamine
1795 4931 1947 4986 indulcauit;
1963 4936 2118 4994 mortemque

1215 5033 1272 5084 qnae
1283 5031 1327 5083 per
1337 5017 1434 5081 lignum
1450 5015 1556 5066 uetitum
1567 5021 1668 5065 uenerat
1681 5028 1726 5076 per
1738 5011 1801 5076 ligni
1818 5009 1949 5075 tropheum
1965 5007 2072 5064 denicit;
2089 5015 2117 5056 nt
2180 4999 2186 5012 '

1215 5095 1325 5146 mirabili
1342 5111 1393 5145 suae
1409 5095 1510 5160 pietatis
1526 5091 1717 5157 dispensatione,
1728 5090 1771 5155 qui
1784 5103 1828 5155 per
1838 5087 1901 5151 ligni
1912 5093 2012 5150 gustum
2023 5101 2038 5134 a
2050 5084 2116 5134 fiori·

1214 5189 1274 5239 gera
1290 5172 1348 5222 sede
1363 5173 1561 5230 discesseramus,
1572 5185 1617 5236 per
1633 5167 1711 5219 mucis
1729 5167 1826 5232 lignum
1842 5165 1875 5214 ad
1892 5163 2007 5230 paradysi
2023 5162 2118 5227 gaudia

1215 5250 1351 5301 redeamus.
1382 5250 1429 5299 Per
1440 5264 1521 5314 quem.

1248 5329 1258 5358 ⁸
1275 5343 1294 5379 ÷
1308 5336 1333 5379 et
1344 5327 1462 5392 sauguine
1475 5327 1504 5376 E.

1247 5405 1279 5435 Η
1295 5407 1359 5456 sicut
1371 5405 1475 5457 adorare
1487 5403 1621 5453 meruimus
1632 5401 1667 5452 ita
1675 5398 1836 5466 perennitatis
1847 5397 1899 5448 eius
1908 5396 1995 5462 gloria
2006 5395 2116 5446 salutari.

1217 5483 1343 5548 Compare
1360 5482 1403 5532 the
1419 5483 1480 5548 Sap.
1495 5479 1555 5532 Obl.
1569 5480 1594 5530 in
1607 5480 1638 5532 V.
1652 5495 1677 5546 p.
1692 5492 1748 5543 119,
1765 5477 1913 5541 Qnesumus,
1927 5490 1950 5524 ο.
1964 5474 1998 5536 d,
2011 5481 2039 5523 ut
2055 5489 2118 5538 quos

1215 5561 1300 5611 dinine
1311 5560 1397 5611 tribus.
1418 5561 1445 5611 Z.

1247 5640 1258 5671 ⁸
1273 5639 1303 5690 E.
1315 5655 1340 5705 p.
1352 5640 1405 5702 138.
1736 5635 1746 5665 ⁸
1763 5633 1811 5690 lb.;
1827 5647 1874 5683 om.
1884 5631 1917 5684 Y.
