5122 6610
652 571 701 662 ᾖ.
721 575 849 652 timete.
899 576 948 663 ᾖ.
966 577 1112 663 warin.

762 776 823 842 Ad
833 777 999 862 populum.

474 900 610 968 Plebem
621 911 722 980 tuam,
733 902 876 980 domine,
887 911 1048 986 perpetua
1057 901 1183 985 pietate
1192 904 1331 982 custodi,

434 1010 470 1064 ut
491 1021 605 1066 secura
625 1021 756 1085 semper
773 1011 808 1067 et
829 1002 1018 1068 necessariis
1039 1003 1153 1068 adiuta
1171 1004 1332 1084 subsidiis,

432 1101 606 1182 spirituum
629 1101 760 1166 tibimet
786 1100 982 1184 placitorum
1005 1102 1059 1185 pia
1082 1123 1212 1187 semper
1234 1125 1332 1169 uene·

432 1202 558 1266 ratione
573 1199 713 1266 laetetur.
760 1202 831 1267 Per.

439 573 507 668 ιβ

549 1492 1238 1572 immnmmmnmmmnmnimnffl

476 1640 580 1717 Deus,
595 1642 653 1724 qui
668 1641 828 1726 unigeniti
849 1641 907 1707 filii
930 1644 977 1709 tui
1001 1645 1150 1726 precioso
1172 1646 1333 1730 sanguine

433 1739 562 1824 uiuifice
577 1742 681 1806 cmcis
696 1741 857 1809 uexillum
874 1742 1069 1808 sanctificari
1084 1742 1233 1824 uoluisti;
1257 1765 1333 1810 con-

432 1841 522 1916 cede,
546 1860 733 1924 quesumus,
756 1843 889 1925 eosqui
911 1842 1059 1907 eiusdem
1082 1854 1206 1909 sanctae
1229 1841 1333 1910 crucis

431 1941 580 2024 gaudent
599 1940 733 2019 honore,
749 1951 807 2007 tua
829 1961 962 2026 quoque
984 1944 1107 2027 ubique
1129 1946 1333 2027 protectione

431 2039 587 2123 gaudere.
633 2040 696 2105 Per
704 2039 726 2105 ².

809 2127 950 2194 Secreta.

477 2250 563 2315 Haec
578 2249 714 2327 oblatio,
730 2251 874 2329 domine,
889 2241 933 2316 ab
955 2254 1109 2321 omnibus
1132 2276 1192 2320 nos
1214 2265 1332 2340 purget

432 2348 575 2427 offensis,
600 2371 676 2432 quae
699 2353 733 2415 in
757 2371 814 2416 ara
841 2353 944 2418 crucis
966 2355 1067 2418 etiam
1089 2355 1192 2421 totius
1217 2356 1333 2421 mundi

432 2447 508 2514 tulit
523 2449 656 2516 offensa.
704 2450 766 2516 Per
781 2453 953 2517 dominum
968 2463 1117 2519 nostrum
1128 2454 1150 2520 ³.

785 2626 970 2724 ⁸Proefatio.

476 2748 521 2816 U.
552 2749 596 2815 D.
626 2760 751 2816 aeteme
780 2752 871 2818 deus.
928 2752 995 2837 Qui
1025 2753 1167 2821 salutem
1196 2755 1331 2821 humani

431 2849 558 2931 generis
573 2850 606 2914 in
622 2848 713 2933 ligno
728 2853 832 2917 crucis
847 2853 1054 2928 constituisti,
1074 2853 1125 2919 Ut
1139 2855 1228 2920 unde
1243 2876 1331 2921 mors

431 2949 636 3025 sortiebatur,
652 2949 729 3015 inde
743 2951 813 3015 uita
834 2962 1025 3037 resurgeret,
1042 2952 1089 3018 Et
1105 2955 1161 3037 qui
1185 2955 1218 3018 in
1240 2954 1332 3038 ligno

430 3049 583 3113 uincebat
598 3050 631 3113 in
651 3049 741 3133 ligno
756 3070 891 3134 quoque
912 3053 1106 3117 uinceretur.
1152 3053 1215 3118 Per
1229 3054 1330 3120 chris·

513 3146 527 3186 r

429 3157 503 3212 tum
530 3197 537 3212 ι
725 3235 787 3301 Ad
804 3236 1033 3320 complendum.

417 3371 422 3384 ·
473 3358 605 3425 Adesto
631 3361 738 3436 nobis,
762 3362 898 3428 domine
924 3364 1006 3428 deus
1030 3373 1152 3438 noster,
1183 3375 1218 3429 et
1246 3386 1330 3449 quos

430 3467 556 3522 sanctae
578 3461 681 3525 crucis
706 3460 811 3525 laetari
839 3460 918 3527 iacis
942 3461 1078 3539 honore,
1101 3464 1168 3528 tuis
1197 3484 1330 3548 quoque

428 3559 596 3642 perpetuis
622 3558 764 3625 deiende
786 3560 946 3644 presidiis.
997 3561 1060 3626 Per
1077 3562 1249 3628 dominum
1272 3584 1330 3628 no·

430 3667 536 3720 strum
546 3656 568 3723 ⁶.

760 3744 822 3810 Ad
833 3746 999 3829 populum.

474 3867 574 3942 Deus,
601 3868 658 3951 qui
688 3870 847 3953 unigeniti
874 3870 922 3935 tui
948 3872 1073 3936 domini
1104 3873 1205 3939 nostri
1235 3873 1328 3939 ihesu

430 3967 540 4031 christi
555 3969 704 4051 precioso
715 3971 875 4054 sanguine
889 3970 1069 4036 humanum
1087 3993 1193 4056 genus
1209 3975 1329 4039 redim-

429 4086 484 4130 ere
509 4065 665 4149 dignatus
695 4087 739 4148 es,
765 4068 911 4135 concede
939 4071 1102 4153 propitius
1131 4081 1168 4137 ut
1198 4074 1253 4157 qui
1284 4073 1328 4138 ad

429 4167 632 4230 adorandam
649 4167 813 4233 uiuificam
829 4189 958 4233 crucem
981 4171 1163 4236 adueniunt
1177 4193 1197 4236 a
1212 4192 1328 4256 pecca·

429 4274 539 4329 torum
554 4285 689 4331 suorum
705 4268 848 4332 nexibus
863 4269 1049 4335 liberentur.
1096 4270 1183 4336 Pern

656 4554 846 4632 interorina
862 4563 968 4622 nancto
984 4559 1107 4624 marist

474 4699 630 4767 Concede
643 4702 740 4769 nobis
754 4702 887 4769 famulis
903 4705 978 4784 tuis,
990 4725 1177 4789 quesumus,
1193 4707 1327 4773 domine

429 4801 519 4880 deus,
542 4809 701 4884 perpetua
727 4804 847 4869 mentis
873 4813 907 4868 et
937 4805 1083 4888 corporis
1109 4807 1328 4889 prosperitate

428 4901 582 4984 gaudere,
607 4911 641 4967 et
666 4901 809 4984 gloriosa
833 4903 942 4968 beatae
970 4904 1081 4968 mariae
1107 4925 1239 4988 semper
1262 4906 1327 4971 uir·

428 4999 514 5084 ginis
529 5001 758 5065 intercessione
777 5021 798 5065 a
820 5002 963 5085 presenti
985 5002 1114 5068 liberari
1136 5004 1277 5083 tristitia,
1293 5016 1326 5071 et

428 5098 538 5164 sutura
552 5099 673 5182 perfrui
687 5100 812 5166 laetitia.
858 5101 920 5166 Per
934 5102 1107 5166 dominum
1124 5104 1295 5169 nostrum.⁷

461 5289 470 5320 ¹
486 5290 619 5357 Compiled
630 5291 664 5354 by
674 5291 773 5344 Alcuin.
801 5292 881 5344 Missa
897 5293 929 5345 de
945 5300 1032 5345 unns
1047 5311 1125 5346 oruoe.
1166 5295 1197 5346 R.
1209 5312 1234 5362 p.
1245 5296 1279 5354 li;
1300 5297 1326 5350 S

429 5383 454 5434 p.
462 5369 529 5495 '⁷413'
530 5461 555 5511 p
568 5443 611 5503 61;
628 5445 653 5497 S.
665 5462 690 5512 p.
705 5448 775 5511 748*.

461 5522 471 5552 ⁴
487 5523 518 5574 R.
530 5540 556 5590 p.
568 5537 630 5588 ²²⁵3
646 5524 671 5576 S.
684 5523 775 5590 pons.

460 5601 471 5632 ⁸
487 5601 619 5667 Compiled
630 5603 664 5667 by
675 5602 773 5656 Alcuiu.

957 5448 1261 5518 'bobinum

960 5528 970 5558 ⁵
986 5527 1016 5577 R.
1029 5545 1054 5594 p.
1064 5527 1094 5586 li;
1112 5529 1137 5580 S.
1149 5544 1174 5593 p.
1188 5531 1260 5594 750*.

956 5603 1168 5674 'Rssunm

1540 577 1685 654 unitata
1702 580 1757 655 ubl
1772 577 1907 673 uliquis
1923 582 2123 657 nntnrntut.

1765 779 1907 845 Secreta.

1432 902 1637 980 Intercessio,
1664 925 1850 988 quesumus,
1872 904 2016 986 domine,
2037 905 2146 972 beate
2173 909 2285 975 mariae

1385 1021 1515 1085 semper
1529 1003 1671 1086 uirginis,
1682 1023 1818 1068 munera
1833 1012 1945 1069 nostra
1956 1007 2199 1090 commend(e)t,
2209 1029 2284 1074 nos-

1385 1122 1451 1184 que
1481 1103 1514 1166 in
1545 1102 1615 1166 eius
1641 1104 1850 1169 ueneratione
1874 1113 1941 1169 tuae
1972 1105 2137 1171 maiestati
2165 1109 2284 1175 reddat

1384 1209 1549 1285 acceptos.
1593 1200 1681 1267 Per¹.

1744 1288 1917 1371 Proesatio.

1429 1410 1474 1477 U.
1499 1410 1542 1476 D.
1572 1420 1695 1478 aeteme
1718 1414 1811 1478 deus.
1858 1414 2040 1480 Humiliter
2069 1415 2283 1499 deprecantes

1385 1519 1431 1586 ut,
1455 1512 1679 1576 intercedente
1700 1512 1799 1578 beata
1822 1515 1925 1579 maria
1946 1534 2079 1598 semper
2101 1516 2226 1599 uirgine
2248 1527 2284 1584 et

1385 1609 1538 1674 omnibus
1560 1612 1690 1691 sanctis,
1705 1613 1748 1676 ab
1764 1614 1918 1678 omnibus
1939 1615 2085 1697 peccatis
2106 1613 2284 1682 clementer

1385 1709 1512 1793 eripias,
1533 1719 1566 1776 et
1589 1731 1610 1777 a
1631 1714 1758 1776 cunctis
1780 1714 1919 1779 inimicis
1942 1714 2193 1780 misericorditer
2206 1738 2283 1801 pro·

1385 1817 1487 1892 tegas,
1517 1819 1551 1876 et
1587 1813 1631 1877 ad
1667 1813 1789 1892 gaudia
1826 1821 1951 1878 aeterna
1988 1814 2160 1897 perducas.
2220 1817 2284 1882 Per

1385 1908 1553 1974 christum.

1679 1997 1740 2063 Ad
1757 1999 1986 2082 complendum.

1427 2119 1559 2187 Adesto
1575 2122 1679 2201 nobis,
1689 2123 1823 2189 domine
1833 2125 1914 2190 deus
1930 2134 2049 2203 noster,
2061 2137 2100 2192 ut
2113 2147 2190 2211 quae
2200 2127 2281 2193 fide·

1384 2220 1459 2286 liter
1473 2224 1672 2307 sumpsimus
1687 2233 1721 2290 et
1737 2235 1848 2290 mente
1862 2235 1895 2291 et
1904 2247 2049 2311 corpore.
2058 2229 2157 2294 beate
2169 2231 2282 2296 mariae

1384 2341 1515 2405 semper
1528 2323 1662 2407 uirginis
1677 2323 1909 2390 intercessione
1923 2327 2156 2393 custodiamus.
2190 2328 2280 2394 Per¹.

1713 2487 1775 2550 Ad
1785 2487 1952 2572 populum.

1428 2612 1649 2699 Omnipotens
1684 2618 1885 2700 sempiterne
1920 2619 2012 2692 deus,
2042 2639 2103 2684 nos
2139 2618 2281 2686 famulos

1383 2723 1459 2778 tuos
1485 2715 1625 2781 dextera
1654 2718 1813 2799 potentiae
1842 2727 1909 2782 tuae
1937 2738 1958 2783 a
1987 2719 2113 2784 cunctis
2143 2731 2280 2805 protege

1383 2813 1544 2897 periculis,
1568 2825 1612 2895 et,
1632 2816 1733 2881 beata
1755 2818 1858 2882 maria
1880 2838 2011 2902 semper
2032 2819 2159 2903 uirgine
2180 2820 2280 2885 inter·
2318 2820 2323 2830 '

1383 2914 1531 2995 cedente,
1545 2914 1597 2979 iac
1615 2935 1675 2980 nos
1690 2917 1834 2999 presenti
1853 2919 1998 3003 gaudere
2013 2921 2230 3002 prosperitate
2245 2929 2280 2984 et

1383 3013 1504 3080 lutura.
1551 3015 1621 3081 Per.

1380 3197 1493 3273 missa
1509 3203 1540 3267 tn
1556 3203 1670 3269 ecclesia
1685 3221 1809 3286 quorun
1824 3206 1953 3287 reliquia
1969 3205 2071 3270 {tmen
2088 3207 2279 3277 continentur.

1426 3340 1589 3420 Concede,
1631 3362 1819 3426 quesumus,
1857 3344 2068 3427 omnipotens
2109 3346 2200 3422 deus,
2239 3359 2277 3413 ut

1381 3450 1496 3506 sancta
1510 3442 1564 3506 dei
1579 3443 1733 3525 genetrix
1747 3453 1907 3526 perpetuo
1923 3444 2015 3528 uirgo
2031 3445 2143 3520 maria,
2159 3450 2279 3513 sancti·

1381 3561 1448 3624 que
1476 3543 1524 3606 tui
1556 3562 1680 3618 omnes,
1709 3543 1828 3626 angeli,
1859 3543 2057 3626 archangeli,
2087 3547 2279 3629 patriarche,

1380 3640 1553 3725 prophete,
1568 3641 1720 3725 apostoli,
1733 3643 1890 3721 martires,
1904 3643 2115 3722 consessores,
2127 3647 2279 3730 uirgines,

1380 3750 1481 3825 atque
1491 3761 1608 3806 omnes
1619 3743 1723 3807 sancti
1735 3763 1875 3825 quorum
1888 3742 2023 3828 reliquie
2037 3745 2071 3808 in
2086 3744 2150 3810 ista
2164 3757 2279 3812 sancta

1380 3841 1591 3906 continentur
1611 3841 1740 3907 aeclesia
1755 3840 1824 3928 (uel
1841 3845 1875 3906 in
1897 3845 1962 3908 isto
1983 3844 2193 3910 continentur
2206 3867 2278 3910 ora-

1380 3938 1478 4026 torio)
1502 3961 1562 4005 nos
1587 3942 1710 4024 ubique
1732 3944 1899 4020 adiuuent,
1915 3944 2070 4027 quatinus
2090 3943 2144 4008 hic
2165 3955 2199 4010 et
2221 3946 2277 4010 ubi

1380 4039 1478 4124 quae³
1509 4041 1544 4104 in
1573 4040 1703 4106 illorum
1733 4043 1877 4126 presenti
1909 4042 2066 4127 suffragio
2101 4044 2278 4128 tranquilla

1380 4160 1461 4224 pace
1484 4141 1517 4204 in
1539 4148 1598 4206 tua
1619 4140 1717 4207 laude
1739 4142 1889 4207 letemur.
1935 4143 1997 4208 Per
2018 4143 2190 4208 dominum
2219 4165 2278 4210 no-

1379 4251 1484 4306 strum
1494 4239 1519 4302 ⁴.

1759 4327 1900 4396 Secreta.

1423 4453 1564 4518 Munera
1583 4461 1650 4516 tuae
1667 4452 1833 4519 maiestati
1847 4453 1971 4532 oblata,
1987 4455 2170 4522 misericors
2185 4457 2275 4534 deus,

1377 4555 1533 4638 benigno,
1559 4573 1747 4636 quesumus,
1776 4555 1906 4640 suscipe
1934 4555 2065 4624 intuitu.
2096 4567 2133 4620 ut
2162 4577 2276 4621 eorum

1379 4656 1474 4721 nobis
1486 4655 1636 4738 precibus
1646 4654 1728 4719 fiant
1739 4655 1895 4720 salutaria
1905 4676 2046 4738 quorum
2057 4658 2276 4740 sacratissime

1379 4755 1413 4818 in
1427 4753 1490 4820 hac
1507 4753 1643 4818 basilica
1657 4753 1803 4838 reliquiae
1818 4763 1896 4820 sunt
1913 4756 2092 4838 recondite.
2126 4756 2188 4820 Per
2197 4755 2222 4820 ⁵.

1410 4981 1419 5012 ¹
1436 4982 1462 5034 S.
1475 4997 1499 5046 p.
1511 4982 1568 5032 802.
1632 4981 1643 5014 ⁸
1660 4982 1785 5048 Compare
1797 4981 1953 5032 Drummoud
1965 4981 2050 5034 Castle
2061 4981 2155 5042 nunu.
2167 5000 2193 5050 p.
2202 4997 2240 5051 73,

1409 5060 1420 5091 ⁸
1442 5060 1512 5110 =ubi
1529 5074 1567 5110 ue.

1409 5138 1467 5189 ⁴0.
1487 5075 1586 5204 pq386.
1620 5137 1660 5187 Ou
1679 5137 1723 5188 the
1740 5139 1835 5203 margin
1855 5138 1885 5188 oi
1899 5137 1942 5188 the
1958 5139 2058 5199 vellum,
2077 5139 2207 5205 elongside
2224 5141 2276 5191 this

1378 5215 1484 5274 Collect,
1505 5231 1521 5264 a
1542 5215 1606 5265 later
1625 5215 1731 5281 English
1753 5215 1820 5265 band
1841 5216 1888 5266 bas
1907 5216 2118 5268 written-dun.
2145 5219 2275 5270 Auxilium

1376 5293 1457 5350 nobis.
1476 5309 1614 5359 quesumus,
1635 5294 1749 5360 placatus
1770 5294 1882 5360 inpendo,
1900 5302 1934 5352 et,
1955 5296 2162 5347 intercedentibus
2183 5298 2277 5348 sanetis

1377 5371 1434 5430 tuis,
1443 5387 1547 5437 quorum
1556 5371 1581 5421 in
1588 5371 1636 5422 bac
1644 5373 1750 5438 presenti
1758 5372 1862 5423 ecclesie
1872 5372 1925 5436 (uel
1934 5373 1958 5423 in
1967 5374 2017 5424 boc
2027 5375 2135 5439 presenti
2143 5375 2275 5438 oratorio).

1377 5449 1487 5516 pretiose
1496 5449 1634 5515 patrocinia
1647 5449 1765 5516 colligere
1779 5451 1924 5511 cumuimus,
1936 5450 1976 5502 iac
1987 5467 2033 5502 noe
2043 5453 2077 5503 ab
2088 5453 2157 5504 omni
2167 5453 2276 5506 aduati-

1377 5535 1430 5579 tste
1441 5527 1548 5585 liberari,
1559 5535 1585 5578 et
1595 5529 1621 5578 iu
1631 5534 1722 5580 aeterua
1733 5528 1821 5580 latitia
1829 5529 1939 5596 gaudere
1949 5531 2075 5582 cumillis.
2108 5530 2163 5584 Per.

1409 5604 1467 5657 Ι0.
1478 5620 1504 5672 p.
1515 5606 1572 5670 387.
