5124 6608
600 586 701 681 frua
726 589 767 663 tu.
790 588 820 660 t.

271 800 402 858 sanctus
416 787 538 855 diuinis
553 797 684 873 reparet
703 784 926 864 sacramentis,
942 783 1020 868 quia
1035 783 1106 868 ipse
1121 789 1172 848 est

272 891 419 958 remissio
438 889 587 955 omnium
602 899 825 973 peccatorum.
872 886 942 951 Per.
988 884 1029 949 In
1047 884 1172 949 unitate

273 993 418 1057 eiusdem
434 991 568 1074 spiritus
583 988 698 1053 sancti.
743 987 830 1051 Pers

500 1174 591 1251 §nia
608 1177 662 1242 tut.
681 1175 790 1240 utensis
808 1175 907 1256 quarti
915 1174 935 1239 ¹.

521 1321 583 1386 Ad
593 1327 741 1386 sanctam
755 1321 911 1386 mariam.

314 1449 447 1514 Mentes
467 1455 605 1526 nostras,
622 1467 809 1530 quesumus,
825 1445 969 1522 domine,
985 1442 1174 1528 paraclytus

272 1551 326 1635 qui
341 1571 361 1614 a
376 1558 411 1613 te
422 1547 572 1631 procedit
587 1546 771 1624 inluminet,
784 1557 818 1611 et
830 1547 966 1610 inducat
981 1546 1015 1609 in
1029 1564 1172 1621 omnem,

272 1652 354 1716 sicut
369 1660 445 1715 tuus
462 1646 613 1731 promisit
631 1646 726 1728 iilius,
741 1647 926 1713 ueritatem.
970 1645 1038 1730 Qui
1054 1655 1173 1710 tecum.

273 1750 457 1816 Eiusdem.t

673 1832 766 1900 Alia.

314 1963 446 2037 Praesta,
478 1981 665 2044 quesumus,
688 1961 898 2043 omnipotens
927 1968 962 2025 et
992 1957 1173 2022 misericors

272 2065 359 2138 deus,
376 2073 413 2128 ut
428 2061 561 2145 spiritus
583 2068 716 2124 sanctus
736 2061 917 2124 adueniens
933 2057 1097 2142 templum
1113 2078 1173 2121 nos

270 2164 382 2247 gloriae
407 2183 476 2226 suae
499 2162 674 2245 dignanter
695 2159 878 2225 habitando
899 2159 1056 2244 perficiat.
1101 2157 1172 2222 Per.

272 2264 311 2328 In
326 2264 453 2328 unitate
468 2263 641 2326 eiusdem.t

649 2424 791 2490 Secreta.

312 2550 449 2635 Accipe,
469 2571 655 2634 quesumus,
670 2550 814 2626 domine,
831 2569 951 2612 munus
965 2547 1123 2626 oblatum,
1139 2554 1173 2611 et

270 2651 447 2736 dignanter
467 2671 606 2734 operare
624 2660 661 2716 ut
677 2650 766 2733 quod
783 2648 949 2730 mysteriis
965 2647 1095 2732 agimus
1110 2646 1173 2729 piis

271 2751 444 2818 affectibus
461 2751 675 2816 celebremus.
719 2750 782 2812 Per
796 2749 971 2814 dominum
986 2756 1161 2812 nostrum.t

637 2913 800 2999 Presatio.

314 3042 359 3109 U.
374 3043 419 3106 D.
442 3061 502 3125 per
526 3039 685 3107 christum
709 3039 882 3104 dominum
908 3046 1066 3104 nostmm.
1110 3038 1173 3102 Per

271 3165 369 3228 quem
385 3141 554 3225 discipulis
569 3141 701 3224 spiritus
717 3149 851 3204 sanctus
866 3138 899 3203 in
915 3147 1002 3204 terra
1017 3138 1115 3203 datur
1127 3139 1172 3202 ob

270 3241 482 3307 dilectionem
502 3240 657 3324 proximi,
673 3249 708 3305 et
725 3240 768 3304 de
787 3238 860 3304 celo
880 3237 1021 3304 mittitur
1036 3246 1173 3322 propter

270 3341 483 3407 dilectionem
505 3341 573 3418 tui;
600 3337 703 3404 Cuius
727 3337 890 3403 infusione
912 3337 1057 3421 petimus
1079 3346 1116 3403 ut
1138 3337 1173 3400 in

272 3441 366 3505 nobis
376 3448 588 3523 peccatorum
600 3439 715 3503 sordes
731 3448 858 3515 exurat,
868 3437 916 3503 tui
928 3437 1049 3502 amoris
1061 3436 1172 3521 ignem

272 3540 402 3618 nutriat,
417 3547 452 3604 et
468 3560 528 3604 nos
544 3538 587 3605 ad
603 3557 751 3603 amorem
770 3537 982 3603 fraternitatis
1002 3538 1173 3604 accendat.

271 3639 334 3706 Per
348 3659 451 3723 quem
460 3637 483 3702 ².

569 3723 631 3788 Ad
642 3722 870 3806 complendum.

316 3850 504 3929 Sumentes,
513 3849 656 3928 domine,
671 3849 815 3915 caelestia
830 3858 1044 3926 sacramenta,
1054 3871 1173 3933 quesu-

271 3972 345 4016 mus
355 3949 566 4016 clementiam
579 3959 681 4026 tuam,
695 3957 732 4012 ut
747 3949 837 4032 quod
849 3949 1076 4032 temporaliter
1089 3952 1174 4034 geri·

272 4072 345 4115 mus
355 4051 486 4116 aetemis
497 4049 626 4133 gaudiis
635 4068 884 4132 consequamur.
896 4050 957 4114 Per
966 4050 1163 4116 dominum.t

656 4206 747 4283 ictis
760 4211 799 4276 b?

317 4341 480 4422 Concede,
504 4362 693 4426 quesumus,
712 4343 923 4427 omnipotens
946 4342 1037 4422 deus,
1058 4353 1097 4409 ut
1117 4345 1174 4427 qui

304 4533 314 4563 ²
329 4545 356 4583 n.
368 4533 437 4584 Deus
447 4532 508 4582 dum
518 4532 681 4598 egrederetur.

331 4623 369 4663 rs,
382 4613 494 4678 Exurgat
504 4611 573 4662 deus.

331 4703 358 4742 ι.
370 4689 509 4754 Dirigatur.

331 4779 359 4819 v.
371 4766 488 4818 Eletutio
498 4783 626 4818 manuum.

331 4859 358 4896 tt.
369 4845 474 4896 Saluum
485 4846 526 4896 isc
537 4845 667 4912 populum.

332 4937 360 4976 v.
370 4925 413 4976 Ad
421 4930 454 4985 te,
465 4923 573 4984 domine,
581 4922 697 4975 clamabi.

781 4543 849 4583 eost.
861 4533 953 4582 Pacem
964 4547 1054 4582 meam.

783 4613 855 4674 (nse.
868 4611 943 4661 Stans
953 4615 1046 4676 petrus

781 4701 826 4739 AL.
839 4689 943 4740 Emitte.

783 4779 825 4818 ss.
837 4767 884 4817 Per
895 4781 983 4817 manus
994 4766 1174 4831 apostolorum.

782 4857 826 4896 AI.
838 4843 945 4910 Spiritus
956 4845 1059 4898 domini.

783 4934 828 4973 εν.
841 4923 926 4975 Nemo
935 4925 1040 4989 potest).

333 5013 377 5053 or.
390 5002 543 5054 Meditabor.

307 5079 318 5110 ¹
333 5079 365 5130 0.
376 5097 402 5147 p.
414 5093 470 5145 3²0·
483 5081 511 5132 Z.

306 5159 316 5190 ⁸
330 5159 412 5210 There
422 5159 445 5209 is
455 5175 490 5209 no
498 5159 578 5209 Missa
587 5158 627 5208 sor
634 5157 687 5209 this
697 5157 747 5223 dsy
755 5157 781 5208 in
791 5155 855 5209 Bod.
863 5157 896 5208 V.
903 5157 934 5211 0.
942 5157 1024 5209 Codd.
1031 5157 1101 5210 Pam.
1108 5158 1171 5226 Reg.

271 5236 344 5288 Sues
377 5237 403 5288 It
419 5236 442 5288 is
457 5243 502 5288 not
518 5242 577 5305 pert
593 5236 622 5288 oi
635 5236 679 5288 the
695 5235 804 5302 original
821 5235 926 5303 Gregor.
937 5236 1006 5290 Sacr.
1020 5237 1120 5291 Microl.
1133 5237 1174 5290 De

271 5315 319 5366 Ec.
331 5314 392 5366 Obs
404 5329 427 5365 c.
438 5314 456 5367 t

322 5403 349 5445 Α.
360 5391 467 5458 Spiritus
477 5391 573 5444 domini
585 5391 698 5460 repleuit
782 5403 849 5444 cont.
860 5392 954 5444 Factus
964 5397 1010 5446 est.

322 5470 490 5536 rsExurgut.
783 5473 837 5534 (ss.
848 5471 988 5538 Philippus

322 5559 366 5598 nu.
378 5548 473 5598 Emitte
484 5548 606 5615 spiritum.
781 5559 827 5602 ttv.
840 5549 1014 5616 Continentur>

322 5636 366 5679 or.
379 5626 508 5678 Confirmc
517 5627 574 5680 boc.

1583 581 1684 676 ,lictis
1709 583 1750 657 bl.

2053 601 2122 672 113

1223 778 1483 846 sollemnitatem
1495 780 1584 846 dono
1596 781 1729 865 spiritus
1738 777 1842 845 sancti
1854 778 2000 856 colimus,
2012 778 2124 844 caeles-

1223 882 1311 947 tibus
1341 880 1510 946 desideriis
1539 882 1676 960 accensi,
1703 881 1829 945 iontem
1860 879 1938 943 uitae
1964 878 2124 954 sitiamus,

1223 980 1396 1046 dominum
1412 990 1561 1045 nostrum
1576 980 1705 1046 ihesum
1721 980 1879 1045 christum
1895 978 1999 1043 filium
2019 987 2123 1044 tuum.

1225 1081 1291 1165 Qui
1307 1091 1418 1146 tecum
1429 1079 1452 1145 ¹.

1605 1167 1744 1232 Secreta.

1266 1293 1400 1358 Virtute
1421 1291 1555 1375 spiritus
1577 1291 1691 1372 sancti,
1706 1291 1848 1371 domine,
1863 1311 1999 1356 munera
2013 1300 2125 1357 nostra

1223 1393 1387 1476 continge,
1399 1392 1534 1474 utquod
1544 1391 1766 1457 sollemnitate
1777 1390 1920 1475 presenti
1931 1401 1990 1457 tuo
1999 1392 2124 1456 nomini

1224 1492 1399 1566 dedicauit,
1413 1501 1448 1556 et
1463 1490 1670 1576 intelligibile
1682 1492 1778 1562 nobis
1789 1491 1888 1557 iaciat
1903 1501 1937 1556 et
1952 1501 2123 1556 aetemum.

1224 1592 1287 1658 Per
1302 1593 1452 1658 eiusdem
1461 1590 1483 1656 ².

1582 1677 1757 1760 Proesatio.

1267 1793 1312 1858 U.
1327 1793 1372 1857 D.
1395 1813 1455 1876 per
1484 1791 1643 1858 christum
1665 1792 1838 1856 dominum
1861 1798 2017 1856 nostrum.
2062 1789 2126 1854 Per

1225 1913 1324 1976 quem
1336 1893 1497 1976 pietatem
1506 1901 1599 1957 tuam
1611 1890 1801 1975 suppliciter
1815 1893 1967 1974 petimus,
1979 1900 2016 1955 ut
2030 1891 2125 1974 spiri-

1225 2003 1278 2058 tus
1292 2002 1427 2058 sanctus
1449 1993 1550 2058 corda
1572 2002 1686 2057 nostra
1708 1991 1887 2056 clementer
1901 1999 2073 2074 expurget,
2090 2001 2126 2054 et

1223 2093 1273 2157 sui
1293 2092 1426 2157 luminis
1446 2092 1666 2158 inradiatione
1686 2089 1871 2174 perlustret,
1887 2089 1938 2155 Ut
1957 2090 1989 2153 in
2008 2091 2124 2172 coqui

1223 2194 1405 2277 gratiarum
1421 2192 1558 2276 largitor
1578 2199 1637 2270 est,
1653 2198 1742 2255 recta
1757 2190 1933 2273 sapiamus,
1949 2198 1983 2254 et
1998 2190 2041 2254 de
2056 2191 2125 2254 eius

1224 2291 1449 2358 consolatione
1493 2292 1738 2375 imperpetuum
1781 2290 1994 2374 gaudeamus.
2063 2289 2125 2354 Per

1225 2412 1325 2476 quem
1336 2391 1359 2454 ³.

1519 2476 1582 2541 Ad
1592 2474 1822 2560 complendum.

1268 2591 1377 2658 Sacris
1414 2591 1609 2667 caelestibus,
1641 2589 1784 2664 domine,
1815 2597 1973 2674 operante
2010 2595 2125 2652 sancto

1223 2694 1349 2776 spiritu,
1384 2691 1464 2756 uitia
1498 2699 1610 2755 nostra
1645 2698 1835 2772 purgentur,
1864 2696 1903 2752 ut
1936 2687 2126 2751 muneribus

1222 2793 1288 2857 tuis
1310 2791 1475 2875 possimus
1498 2809 1631 2874 semper
1651 2788 1770 2872 aptari.
1816 2788 1887 2853 Per.
1935 2788 1974 2852 In
1997 2788 2126 2853 unitate

1223 2892 1369 2956 eiusdem
1382 2888 1405 2958 ⁴.

1592 3116 1683 3193 stria
1697 3118 1749 3184 it*

1554 3265 1617 3330 Ad
1628 3265 1795 3349 apostolos.

1267 3393 1331 3471 Da,
1353 3410 1539 3474 quesumus,
1557 3391 1704 3457 ecclesiae
1726 3401 1801 3467 tuae,
1825 3390 2010 3456 misericors
2031 3391 2123 3466 deus,

1222 3505 1261 3561 ut
1285 3505 1401 3560 sancto
1426 3494 1542 3578 spiritu
1571 3503 1773 3580 congregata
1797 3494 1910 3562 hostili
1937 3495 2125 3562 nullatenus

1223 3599 1407 3665 incursione
1421 3598 1581 3666 turbetur.
1626 3599 1698 3665 Per.
1743 3598 1783 3663 In
1799 3599 1928 3665 unitate
1943 3599 2113 3664 eiusdem.t
2214 3685 2216 3692 y

1604 3777 1746 3844 Secreta.

1267 3905 1442 3985 Sacrificia,
1472 3906 1617 3984 domine,
1648 3907 1714 3974 tuis
1747 3907 1860 3973 oblata
1894 3906 2125 3991 conspectibus

1224 4012 1309 4095 ignis
1321 4011 1376 4076 ille
1388 4010 1519 4076 diuinus
1530 4021 1687 4092 assumat,
1698 4011 1753 4096 qui
1766 4010 2001 4096 discipulorum
2013 4010 2126 4077 christi

1223 4117 1273 4180 tui
1287 4135 1347 4200 per
1361 4125 1512 4181 sanctum
1534 4115 1685 4200 spiritum
1708 4117 1809 4181 corda
1830 4114 2008 4181 succendit.
2054 4116 2125 4180 Per.

1225 4219 1411 4284 Eiusdem.t

1581 4304 1755 4388 Proesatio.

1269 4434 1313 4500 U.
1341 4435 1385 4500 D.
1416 4443 1539 4500 aeteme
1569 4433 1660 4500 deus.
1714 4434 1763 4500 Et
1791 4436 2001 4501 maiestatem
2031 4445 2124 4500 tuam

1225 4538 1417 4623 suppliciter
1446 4557 1592 4618 exorare,
1626 4547 1665 4603 ut
1697 4538 1830 4622 spiritus
1860 4537 2050 4624 paraclytus
2079 4539 2124 4602 ad

1256 4765 1378 4827 ¹Annue,
1398 4769 1539 4820 misericors
1558 4767 1591 4828 d..
1611 4772 1642 4818 ut
1662 4768 1705 4834 qui
1724 4768 1809 4820 diuina
1828 4775 1953 4838 praerepta
1971 4767 2091 4821 uiolando
2107 4787 2124 4820 a

1224 4847 1341 4914 paradysi
1357 4846 1476 4898 felicitate
1498 4845 1642 4906 decidimus,
1660 4846 1694 4897 sd
1709 4853 1800 4898 aeteme
1815 4847 1976 4899 beatitudinis
1995 4847 2124 4898 redeamus

1224 4939 1358 4987 secessum,
1371 4924 1567 4991 percustodiam
1578 4925 1759 4978 mandatorum.
1789 4925 1844 4976 Per.
1856 4927 1883 4978 Z.

1256 5001 1266 5032 ⁵
1282 5001 1313 5054 Ε.
1333 5018 1357 5069 p.
1372 5016 1427 5067 114.
1439 5003 1547 5053 Hostias
1560 5002 1650 5068 populi
1661 5003 1706 5063 tui,
1718 5018 1750 5069 q,
1762 5002 1827 5062 dne..
1837 5004 1967 5055 miseratus
1977 5001 2084 5066 intende,
2097 5009 2124 5054 et

1223 5086 1251 5132 tu
1263 5081 1346 5147 [=ut]
1359 5081 1407 5132 tibi
1422 5081 1556 5132 redduntur
1569 5087 1680 5146 accepts,
1693 5080 1856 5133 conscientias
1870 5088 1967 5133 nostras
1982 5081 2061 5132 sancti
2074 5083 2124 5148 spi·

1223 5159 1285 5208 ritus
1296 5158 1412 5210 emundet
1423 5157 1553 5212 aduentus.
1587 5158 1642 5210 Per.
1656 5159 1684 5211 Z.

1255 5236 1314 5287 ¹0.
1325 5253 1350 5302 p.
1364 5251 1421 5302 3²¹·
1433 5237 1461 5287 Z.
1657 5235 1668 5265 ⁴
1683 5236 1714 5288 E.
1726 5251 1751 5302 p.
1767 5249 1821 5302 114
1834 5237 1861 5287 Z.

1255 5315 1594 5382 ⁸A.Repleeturosmeum.
1741 5325 1807 5366 coit.
1820 5313 1927 5382 Spiritus
1942 5313 1986 5365 ubi
2002 5313 2058 5365 uult
2074 5315 2123 5381 spi-

1280 5404 1317 5444 1²8.
1329 5393 1360 5444 In
1375 5400 1407 5456 te,
1420 5391 1528 5455 domine,
1541 5389 1645 5459 spemul.
1810 5401 1857 5446 rat.

1282 5483 1309 5522 R.
1321 5469 1599 5532 Conuertere,domine.
1740 5470 1794 5535 (us.
1806 5471 1927 5538 Aperiens
1938 5477 2031 5538 petrus.

1281 5560 1310 5602 v.
1323 5549 1440 5607 Domine,
1451 5547 1580 5613 refugium.
1740 5559 1785 5600 nt..
1796 5549 1870 5614 Veni,
1881 5556 1972 5600 sancte

1282 5638 1326 5681 on.
1337 5629 1432 5694 Laudi,
1445 5626 1528 5680 anima
1537 5641 1601 5679 rues.
1740 5637 1786 5679 ιν.
1798 5629 1904 5679 Factum
1914 5635 1951 5680 est
1962 5629 1988 5680 in
1999 5628 2074 5692 mea).

1837 5724 1864 5792 Q
