5116 6608
536 585 623 672 ὦῶ.
642 587 744 680 iBtttf,
762 586 948 678 anunm.

286 787 349 846 eius
377 786 463 847 nobis
491 788 561 847 liant
590 787 802 866 supplicatione
830 788 977 862 salutares,
1006 788 1088 848 cuius
1123 795 1190 847 sunt

286 881 473 942 ueneratione
496 881 660 943 sollemnes
703 882 766 942 Per.

614 1063 873 1151 [postcommum.

328 1183 442 1270 [Q]uos
477 1187 610 1260 refecisti,
639 1189 768 1261 domine,
797 1190 896 1250 celesti
928 1189 1076 1261 conuiuio,
1103 1191 1189 1265 beate

285 1283 350 1342 fidis
361 1283 482 1360 uirginis
494 1295 524 1343 et
535 1285 666 1361 martyris
681 1285 800 1344 iuuante
811 1285 983 1362 patrocinio,
995 1302 1189 1362 supernorum

284 1377 393 1438 ciuium
408 1378 454 1438 fac
468 1379 576 1457 dignos
590 1379 724 1456 collegio.
767 1378 831 1439 Per.

530 1639 649 1726 [Sancti
662 1645 736 1726 petri
750 1647 786 1707 ab
800 1639 940 1727 uincula}

653 1786 821 1874 [Prgfalrbl

326 1917 376 2005 [U.
388 1917 438 2004 D.]
454 1931 554 1998 eterne
568 1923 649 1984 deus.
681 1923 869 1984 Celebrantes
883 1925 960 1982 beati
975 1923 1049 2001 petri
1062 1922 1188 2000 apostoli

285 2017 469 2077 uinculorum
483 2017 700 2088 resolutionem,
710 2036 769 2095 qua
783 2036 850 2078 eum
866 2017 902 2078 de
917 2036 1007 2077 manu
1021 2016 1148 2090 herodis,
1159 2028 1188 2078 et

285 2111 321 2170 de
336 2112 417 2171 omni
434 2113 638 2189 expectatione
657 2113 750 2191 plebis
767 2113 852 2188 iudee
869 2113 1037 2172 mirabiliter
1050 2113 1185 2173 liberasti

284 2205 344 2278 Qui
359 2205 468 2266 idcirco
482 2207 606 2266 uinculis
624 2208 786 2285 mancipari
805 2225 867 2268 non
882 2208 976 2284 potuit
990 2217 1187 2284 peccatorum,

284 2301 434 2378 quiscum
448 2318 509 2360 non
528 2311 724 2361 onorauerant
738 2301 854 2362 uincula
869 2300 1049 2362 delictorum.
1088 2299 1188 2374 Quem

285 2396 345 2471 iure
368 2396 491 2472 angelus
514 2397 551 2456 de
575 2398 704 2457 tenebris
732 2396 870 2475 produxit
894 2397 1094 2468 carceralibus,
1119 2398 1188 2476 quia

283 2491 390 2548 iustum
406 2489 459 2550 fuit
473 2492 599 2551 tenebris
617 2510 678 2551 non
699 2490 809 2552 includi
830 2491 1020 2552 claustrorum
1042 2492 1186 2569 presulem

284 2602 485 2662 supernorum,
508 2585 648 2647 aduersus
669 2605 758 2664 quem
779 2597 864 2664 porte
885 2605 947 2647 non
967 2587 1118 2664 preualent
1142 2588 1186 2646 in·

284 2677 439 2739 femorum.
483 2679 543 2754 Qui
565 2690 625 2740 tarn
645 2681 768 2741 libenter
788 2682 969 2760 gubernandi
991 2691 1020 2741 et
1043 2681 1081 2740 sd
1107 2682 1187 2742 celos

283 2774 493 2834 intromittendi
529 2777 616 2837 nobis
643 2777 778 2854 dignetur
806 2795 876 2837 cura
908 2776 1085 2853 impendere,
1114 2778 1187 2838 sicut

285 2867 440 2928 clementer
468 2889 523 2930 nos
551 2871 613 2930 sibi.
633 2872 854 2931 commendauit
881 2873 931 2949 qui
959 2871 1111 2950 sanguinis
1141 2873 1186 2932 sui

284 2965 376 3040 pretio
390 2965 534 3024 mundum
549 2964 687 3026 liberauit
730 2965 786 3026 Per
799 2983 888 3043 quern
903 2967 1094 3026 maiestatem.

519 3221 645 3308 [Natalr
659 3223 752 3287 sumti
767 3223 944 3312 auenstiniJ.

324 3363 442 3450 [D]eus,
457 3369 506 3446 qui
523 3370 641 3429 beatum
661 3369 850 3447 augustinum
870 3369 992 3445 ecclesie
1014 3379 1063 3444 tue
1079 3371 1110 3428 in
1131 3387 1182 3429 ex·

283 3464 428 3539 ponendis
443 3465 583 3541 scripture
597 3475 698 3538 sancte
712 3465 856 3542 mysteriis
870 3465 1023 3542 doctorerp
1037 3466 1182 3542 optimum

283 3568 311 3616 et
331 3557 455 3618 electum
476 3560 634 3619 antistitem
654 3559 808 3636 prouidisti
818 3579 828 3632 ;
851 3559 889 3619 da
906 3560 999 3632 nobis,
1015 3577 1181 3636 quesumus,

283 3653 344 3712 eius
359 3671 473 3726 semper
487 3653 620 3713 doctrina
633 3654 735 3713 instrui
750 3663 779 3714 et
792 3654 924 3714 oratione
939 3652 1038 3713 fulciri.
1082 3651 1160 3714 Per².

656 3832 805 3920 [Secreto]

322 3949 450 4038 [S]ancti
469 3957 614 4034 augustini
630 3958 806 4018 confessoris
820 3958 861 4016 tui
879 3959 973 4029 nobis,
989 3958 1117 4031 domine,
1133 3959 1182 4036 pia

283 4069 341 4108 non
363 4051 437 4110 desit
457 4053 566 4124 orati0;
590 4070 648 4129 que
669 4063 698 4112 et
719 4070 839 4112 munera
857 4063 957 4112 nostra
971 4053 1023 4112 tibi
1037 4053 1181 4124 conciliet,

283 4156 311 4203 et
325 4156 406 4204 tuam
420 4146 507 4205 nobis
521 4145 731 4224 indulgentiam
748 4165 864 4226 semper
877 4149 1017 4225 optineat.
1060 4148 1115 4208 Per
1121 4146 1139 4208 ².

647 4325 815 4413 [Pasarne

257 4513 259 4516 ,
322 4444 374 4531 [U.
389 4446 443 4531 D.]
460 4459 558 4525 eterne
574 4451 655 4510 deus.
699 4449 758 4523 Qui
773 4450 891 4510 beatum
907 4453 1093 4529 augustinum
1108 4471 1181 4513 con·

281 4544 422 4605 fossorem
442 4555 526 4604 tuum
547 4555 576 4606 et
596 4547 716 4621 scientie
737 4546 922 4607 documentis
941 4547 1067 4625 replesti,
1079 4558 1108 4607 et
1123 4549 1180 4607 uir·

281 4649 372 4698 tutum
387 4641 568 4700 ornamentis
582 4640 679 4700 ditasti
691 4661 700 4714 3
722 4657 811 4716 quem
825 4641 864 4700 ita
882 4641 1059 4701 multimodo
1072 4661 1179 4718 genere

280 4737 393 4813 pietatis
415 4737 553 4807 imbuisti,
570 4746 602 4796 ut
620 4737 684 4813 ipse
706 4735 757 4795 tibi
778 4745 807 4795 et
828 4756 886 4808 ara,
903 4747 932 4797 et
953 4737 1136 4810 sacrificium,
1151 4749 1179 4797 et

281 4833 416 4892 sacerdos
430 4842 515 4903 esset
531 4842 560 4891 et
575 4831 725 4908 templum.
767 4829 823 4890 Per
836 4831 985 4892 christum.
1178 4843 1182 4852 “

310 5017 318 5045 ¹
335 5017 366 5068 ll.
381 5017 424 5067 fol.
439 5031 485 5082 114
496 5019 521 5070 b.
539 5019 564 5070 S.
599 5019 651 5070 For
667 5020 716 5069 this
733 5019 830 5070 Collcct
842 5019 874 5068 ll.
890 5018 1179 5070 substitutesz-Adesto

278 5095 500 5160 supplicationibus
515 5097 613 5158 uostris,
630 5097 787 5162 omnipotens
801 5097 869 5155 dens,
885 5103 910 5146 et
925 5097 1024 5160 quibus,
1036 5103 1091 5155 etc..
1104 5113 1132 5146 as
1147 5097 1177 5148 R.

278 5188 302 5236 p.
313 5175 369 5236 481.
386 5173 661 5227 DifferentMassesare
669 5173 950 5241 giveninZ.fol.126a;
969 5175 1024 5226 MS.
1032 5175 1062 5226 C.
1072 5175 1101 5226 C.
1109 5175 1139 5226 C.
1148 5175 1178 5226 C.

280 5259 332 5314 ayo,
345 5251 387 5301 fol.
398 5265 430 5318 92
443 5253 469 5303 b.

309 5328 319 5358 ²
335 5330 366 5383 Y.
378 5331 410 5384 R.
420 5331 446 5383 S.

1417 587 1464 673 ὦ.
1483 587 1611 679 leram
1662 587 1968 676 murmurium.
2072 594 2145 681 269

1573 785 1827 874 [postcommum.

1286 903 1355 993 [U]t
1383 911 1479 982 nobis,
1507 911 1637 985 domine,
1666 923 1716 972 tua
1744 911 1885 972 sacrificia
1913 913 1984 973 dent
2012 915 2143 990 salutem,

1241 1005 1345 1064 beatus
1369 1005 1522 1067 confessor
1543 1017 1609 1066 tuus
1631 1017 1660 1066 et
1681 1004 1813 1083 pontifex
1835 1008 2016 1085 augustinus,
2038 1028 2144 1087 quesu-

1242 1117 1316 1172 mus,
1332 1110 1466 1177 precator
1480 1100 1610 1161 sccedat
1653 1099 1709 1160 Per
1718 1099 1737 1161 ¹.

1277 1336 1363 1420 (m.
1376 1335 1436 1404 ltal.
1451 1339 1510 1403 ian
1544 1338 1650 1404 Sanni
1665 1339 1754 1418 lazari
1769 1340 1894 1423 episcopi
1909 1346 1936 1404 rt
1949 1344 2109 1427 marteris).

1282 1479 1400 1567 [D]eus,
1425 1487 1476 1562 qui
1500 1504 1552 1564 per
1576 1486 1759 1564 unigenitum
1779 1483 1896 1566 (lilium)
1919 1495 2002 1548 tuum
2023 1490 2141 1552 beatum

1240 1579 1367 1640 lazarum
1388 1582 1613 1659 quatriduanum
1634 1593 1782 1642 mortuum
1805 1583 1979 1643 resuscitasti
1999 1602 2017 1643 a
2036 1605 2142 1649 monu-

1241 1687 1361 1748 mento;
1391 1677 1469 1752 erige
1498 1695 1553 1736 nos
1578 1678 1720 1755 propitius
1742 1678 1779 1738 de
1801 1679 1919 1738 tumulis
1945 1692 2141 1756 peccatorum,

1241 1781 1272 1829 ut
1301 1789 1463 1830 mereamur
1485 1772 1607 1849 adipisci
1627 1772 1808 1832 consortium
1832 1773 1992 1833 electorum
2016 1783 2142 1837 tuorum.

1240 1863 1297 1922 Per
1312 1865 1449 1926 eundem.

1620 1944 1766 2027 (Secreta).

1282 2064 1416 2151 [P]reces
1430 2081 1553 2142 nostras,
1566 2070 1694 2144 domine,
1706 2071 1865 2131 clementer
1877 2071 1993 2142 exaudi,
2005 2083 2034 2132 et
2049 2074 2142 2133 sancti

1239 2163 1326 2224 lazari
1353 2165 1485 2241 martyris
1513 2166 1555 2225 tui
1584 2176 1671 2242 atque
1697 2166 1851 2242 pontilicis,
1874 2166 1925 2243 qui
1953 2164 2063 2226 famulo
2091 2177 2142 2226 tuo

1240 2260 1328 2336 digne
1349 2263 1454 2320 memit
1475 2261 1616 2334 famulari,
1631 2262 1877 2322 intercedentibus
1896 2263 2015 2332 meritis,
2030 2280 2142 2323 merea-

1239 2372 1304 2413 mur
1317 2355 1460 2431 presentis
1475 2366 1504 2416 et
1519 2354 1613 2431 future
1628 2358 1686 2431 uite
1701 2355 1806 2434 perfrui
1821 2357 1944 2433 gaudiis.
1988 2355 2050 2416 Per.

1566 2526 1821 2607 (Posfcmmum'o).

1279 2644 1477 2731 [Q]uesumus
1497 2651 1662 2710 inmensam
1683 2649 1869 2710 clementiam
1894 2661 1985 2722 tuam,
2003 2652 2141 2729 omnipo-

1237 2754 1303 2805 tens
1330 2756 1359 2805 et
1383 2747 1547 2807 misericors
1569 2747 1650 2818 deus,
1678 2757 1711 2806 ut
1733 2747 1811 2806 beati
1835 2746 1921 2806 lazari
1944 2749 2075 2826 martyris
2100 2750 2141 2809 tui

1238 2851 1324 2918 atque
1352 2841 1498 2918 pontificis
1525 2843 1742 2913 intercessione,
1766 2852 1795 2901 et
1823 2861 1841 2900 a
1867 2853 1961 2902 morte
1987 2841 2142 2903 liberemur

1237 2935 1407 3013 quadrifida,
1422 2947 1451 2996 et
1464 2937 1524 2997 uita
1537 2936 1720 3016 perfruamur
1734 2945 1843 3011 eterna.
1886 2937 1951 2996 Per.

1278 3091 1382 3154 Deus¹
1396 3095 1477 3172 pacis
1498 3105 1528 3154 et
1542 3095 1709 3155 dileccionis
1730 3104 1848 3154 maneat
1864 3112 1979 3172 semper
1994 3114 2062 3154 cum
2077 3114 2141 3155 om-

1238 3188 1323 3248 nibus
1338 3189 1431 3250 uobis.
1472 3188 1521 3249 Tu
1536 3201 1643 3261 autem,
1658 3190 1787 3260 domine,
1802 3189 1940 3249 miserere
1954 3191 2054 3251 nostri.

1600 3309 1752 3387 Aangelus
1762 3307 1781 3370 ¹.

1276 3547 1340 3607 Her
1362 3545 1420 3625 cyfi
1444 3566 1485 3608 on
1507 3549 1584 3628 pisse
1607 3551 1662 3609 bec
1684 3550 1705 3627 p
1727 3549 1874 3609 brihtmaer
1899 3559 1936 3608 aet
1963 3548 2138 3609 holacumbe

1234 3637 1316 3700 haefd
1337 3641 1448 3720 geboht
1463 3643 1531 3702 hine
1551 3662 1570 3719 7
1586 3642 1694 3720 aelfgifu
1715 3643 1760 3703 his
1780 3643 1831 3702 wlf
1843 3663 1862 3718 7
1876 3644 1939 3702 hira
1959 3642 2058 3719 cild,7
2075 3643 2138 3703 hira

1234 3734 1368 3815 ofspring
1387 3747 1425 3797 aet
1440 3755 1560 3815 rocgere
1575 3737 1708 3814 derindig
1723 3747 1754 3796 to
1774 3748 1856 3796 twanr
1872 3738 2004 3815 pundum
2023 3738 2092 3799 aefre
2107 3748 2138 3798 to

1234 3828 1361 3890 freolse.
1378 3848 1418 3891 on
1433 3831 1634 3891 dudemannes
1653 3831 1828 3907 gewitnesse
1848 3841 1980 3908 preostes
2001 3849 2042 3890 ou
2061 3850 2139 3892 exan

1234 3935 1350 3985 cestre.
1369 3943 1410 3985 on
1427 3924 1575 3985 leofwines
1594 3932 1708 4003 preostes
1725 3943 1766 3985 on
1781 3924 1868 3984 hwita
1888 3935 1970 3985 stane
1984 3944 2003 4001 7
2017 3943 2058 3986 on
2078 3926 2137 3985 aelf-

1233 4036 1328 4094 gaeres
1351 4029 1417 4096 port
1438 4020 1536 4096 gerefa
1557 4037 1577 4094 7
1602 4019 1771 4079 aelfwaerdes
1795 4018 1961 4095 portgerefa
1982 4023 2020 4099 pe
2041 4019 2062 4097 i
2086 4019 2137 4079 toll

1234 4131 1346 4172 namon
1360 4113 1405 4172 for
1417 4117 1479 4193 paes
1493 4131 1603 4191 cynges
1619 4114 1699 4172 band
1712 4132 1731 4189 7
1745 4112 1915 4172 leofwerdes
1933 4112 1978 4172 his
1994 4109 2103 4174 broilor
2116 4134 2135 4191 7

1234 4207 1362 4266 edwines
1382 4206 1497 4267 leofcde
1517 4227 1624 4284 suna7
1639 4219 1734 4268 oteres
1756 4207 1903 4286 dyrlinges
1924 4227 1998 4268 suna
2018 4253 2024 4266 .
2042 4227 2061 4284 7
2076 4209 2137 4268 aelf·

1233 4318 1327 4378 gaeres
1342 4301 1462 4362 aelfrices
1476 4319 1550 4361 suna
1565 4345 1572 4360 .
1585 4321 1605 4378 7
1623 4301 1812 4363 blalremanes
1825 4320 1844 4377 7
1858 4301 1991 4363 leofrices
2006 4305 2137 4364 saewines

1233 4412 1307 4454 suna
1326 4415 1347 4472 7
1363 4395 1523 4456 dunstanes
1543 4397 1674 4456 saewines
1695 4415 1769 4456 suna
1791 4439 1797 4454 .
1818 4415 1837 4472 7
1858 4394 2009 4456 randolfes
2029 4441 2035 4454 .
2056 4415 2075 4472 7
2097 4397 2137 4457 al-

1233 4489 1335 4550 boldes
1358 4535 1365 4550 .
1389 4507 1409 4564 7
1432 4492 1584 4550 smewines
1609 4509 1649 4550 on
1678 4490 1851 4550 holacumbe
1877 4533 1883 4548 .
1906 4509 1927 4566 7
1951 4491 2137 4567 aegilwaerdes

1232 4588 1337 4650 aelfsies
1358 4606 1432 4648 suna
1453 4633 1460 4648 .
1481 4608 1500 4665 7
1521 4589 1641 4649 aelfmaer
1663 4607 1773 4667 cynges
1794 4606 1868 4648 suna
1887 4607 1907 4664 7
1929 4589 2054 4667 aelfsiges
2074 4591 2137 4650 mid

1231 4689 1296 4765 pam
1316 4687 1405 4747 berde
1419 4706 1438 4763 7
1452 4685 1564 4747 edwine
1583 4687 1716 4748 leofrices
1735 4705 1810 4746 suna
1829 4706 1848 4763 7
1863 4687 1976 4747 edwine
1993 4688 2135 4750 edmaeres

1232 4799 1306 4841 suna
1324 4825 1332 4841 .
1347 4801 1366 4856 7
1380 4781 1459 4841 edric
1477 4799 1517 4840 on
1538 4781 1649 4842 brenna
1668 4782 1768 4858 hricge
1783 4799 1803 4856 7
1822 4799 1863 4841 on
1884 4781 1972 4841 ealles
1986 4785 2047 4863 pres
2061 4781 2135 4841 hun·

1231 4876 1327 4936 drides
1348 4875 1512 4954 gewitnisse
1532 4893 1574 4935 on
1594 4875 1771 4936 holacumbe
1792 4875 1953 4952 .7haebbe
1974 4875 2012 4936 he
2034 4877 2135 4936 cristes

1230 4989 1297 5031 curs
1307 4989 1327 5046 7
1338 4977 1437 5030 sancta
1452 4969 1563 5030 marian
1573 4988 1592 5045 7
1604 4978 1721 5030 sanctus
1736 4979 1833 5048 petrus
1844 4973 1880 5050 pe
1891 4972 1936 5050 pis
1951 4970 2018 5031 aefre
2033 4970 2133 5030 undo·

1230 5085 1249 5140 7
1264 5083 1304 5124 on
1318 5064 1407 5125 ealles
1420 5067 1481 5145 paes
1496 5063 1653 5124 hundrides
1667 5065 1831 5140 gewituisse
1845 5083 1885 5124 on
1901 5083 1977 5124 erran
1992 5077 2084 5125 cestre
2093 5065 2113 5124 ³.

1295 5253 1303 5282 l

1294 5252 1436 5381 ’stylildded
1447 5329 1480 5394 by
1492 5345 1507 5379 a
1518 5329 1593 5381 much
1604 5330 1667 5380 later
1679 5327 1753 5382 haud.
1852 5329 1861 5360 ³
1878 5329 1971 5382 Introd.
1985 5335 1998 5392 ς
2010 5343 2050 5396 41.
