5122 6610
427 553 496 626 188
550 550 620 644 lbra
635 547 806 624 arrraitatr.
841 545 966 622 &aaa
983 558 1202 639 aaarsratrrrr.

423 771 502 816 num
532 749 628 816 nobis
651 749 759 814 tribue
782 747 902 833 pluuias
932 747 1123 813 sufficientis
1152 748 1324 813 auxilium.

422 851 508 918 Per.t

721 933 782 998 Ad
792 931 1022 1016 complendum.

463 1062 573 1126 Tuere
612 1081 682 1138 nos,
717 1061 860 1134 domine,
896 1079 1085 1142 quesumus,
1116 1069 1174 1123 tua
1211 1067 1326 1123 sancta

421 1171 597 1237 sumentes
615 1168 648 1226 et
671 1159 714 1225 ab
734 1159 888 1224 omnibus
909 1159 1070 1243 propitius
1092 1158 1227 1223 absolue
1249 1178 1325 1242 pec·

422 1263 515 1328 catis.
560 1260 623 1327 Per
637 1260 833 1324 dominum.t

827 1396 921 1462 Alia.

467 1521 600 1588 Delicta
623 1523 809 1606 fragilitatis
829 1532 960 1598 nostrae,
976 1523 1119 1599 domine,
1138 1542 1324 1606 quesumus,

423 1623 594 1688 miseratus
624 1623 770 1696 absolue,
797 1633 831 1686 et
860 1643 1020 1705 aquarum
1050 1622 1196 1686 subsidIa
1225 1622 1326 1705 prebe

422 1723 614 1796 caelestium,
631 1724 750 1806 quibus
772 1734 903 1788 terrena
918 1722 1062 1788 conditio
1079 1731 1235 1806 uegetata
1250 1721 1326 1784 sub·

388 1842 391 1847 ·
422 1824 528 1889 sistat.
575 1823 661 1887 Pera

581 2045 693 2120 ffliaaa
714 2052 752 2111 aa
772 2051 944 2130 pertrabant
965 2046 1159 2111 ramitatrrn.

464 2195 524 2260 Ad
533 2206 568 2260 te
578 2218 647 2273 nos,
658 2198 804 2273 domine,
814 2197 994 2262 clamantes
1004 2198 1182 2262 clementer
1192 2198 1323 2275 exaudi,

423 2309 458 2366 et
472 2301 557 2363 aeris
572 2301 783 2365 serenitatem
804 2301 898 2365 nobis
920 2301 1028 2366 tribue
1042 2299 1323 2383 supplicantibns;

424 2409 461 2464 ut
476 2399 533 2482 qui
545 2419 605 2484 pro
620 2401 764 2483 peccatis
773 2401 892 2465 nostris
904 2402 988 2464 iuste
1003 2399 1186 2484 affligimur,
1200 2399 1325 2464 miseri·

423 2498 535 2564 cordia
560 2509 618 2565 tua
643 2501 865 2584 preueniente‚
892 2500 1102 2564 clementiam
1133 2499 1324 2564 sentiamus.

428 2601 512 2665 Pera

807 2685 947 2751 Secreta.

470 2813 643 2896 Preueniat
670 2832 739 2889 noS,
765 2832 952 2894 quesumus,
978 2810 1121 2888 domine,
1144 2810 1249 2894 gratia
1268 2819 1326 2874 tua

430 2932 562 2995 semper
584 2920 618 2976 et
640 2911 866 2994 subsequatur,
888 2919 923 2976 et
944 2911 1005 2975 has
1034 2910 1219 2974 oblationes
1243 2929 1326 2993 quas
1358 2900 1359 2906 '

426 3032 487 3094 pro
516 3012 661 3094 peccatis
691 3013 810 3075 nostris
840 3011 965 3074 nomini
1000 3019 1058 3074 tuo
1088 3010 1326 3075 consecrandas

426 3110 612 3186 deserimus,
641 3111 803 3194 benignus
832 3130 964 3174 assume
976 3131 984 3189 ;
1018 3119 1055 3172 ut
1084 3129 1143 3193 per
1172 3110 1325 3173 interces-

427 3212 554 3275 sionem
585 3219 775 3275 sanctonrm
807 3218 939 3274 tuorum
969 3209 1096 3274 cunctis
1126 3209 1221 3273 nobis
1250 3228 1324 3291 pro-

425 3310 538 3376 ficiant
553 3311 597 3374 ad
613 3309 764 3373 salutem.
810 3309 894 3373 Per.t

722 3482 784 3546 Ad
801 3483 1029 3566 complendum.

471 3609 567 3673 Plebs
590 3618 656 3686 tua,
679 3609 821 3689 domine,
843 3610 954 3693 capiat
974 3629 1066 3690 same
1087 3607 1327 3674 benedictionis

427 3719 654 3792 augmentum,
685 3718 719 3772 et
748 3709 890 3792 copiosis
927 3708 1162 3773 beneficiorum
1196 3717 1327 3773 tuorum

427 3807 617 3873 subleuetur
631 3807 772 3886 auxiliis,
784 3829 859 3890 quae
871 3810 972 3874 tantis
987 3808 1255 3874 intercessionum
1270 3809 1327 3872 de·

426 3907 668 3994 precationibus
682 3907 865 3972 adiuuatur.
907 3909 969 3972 Per
983 3909 1179 3972 dominum.t

828 4080 922 4147 Alia.

472 4206 617 4271 Domine
632 4206 722 4283 deus,
738 4206 793 4289 qui
809 4207 842 4270 in
859 4207 1017 4288 mysterio
1034 4201 1197 4290 aquarum
1212 4209 1328 4275 salutis

428 4318 495 4372 tuae
508 4306 603 4370 nobis
614 4315 819 4372 sacramenta
832 4307 971 4370 sanxisti
982 4329 989 4385 ;
1009 4307 1131 4372 exaudi
1144 4309 1328 4375 orationem

428 4406 544 4491 populi
559 4407 615 4484 tui,
631 4414 665 4469 et
686 4406 764 4470 iube
786 4417 925 4471 terrores
947 4407 1177 4472 inundantium
1200 4430 1328 4476 cessare

428 4507 624 4590 plumarum,
641 4504 876 4589 flagellumque
891 4505 986 4570 huius
1002 4506 1156 4573 elementi
1172 4510 1215 4573 ad
1231 4511 1324 4575 effec-

428 4617 502 4673 tum
517 4608 564 4672 tui
581 4617 735 4671 conuerte
751 4605 906 4690 mysterii,
922 4607 1031 4690 utqui
1054 4628 1090 4671 se
1107 4611 1326 4692 regeneranti-

428 4708 490 4772 bus
514 4707 607 4790 aquis
629 4707 776 4788 gaudent
798 4715 937 4784 renatos,
957 4708 1133 4790 gaudeant,
1155 4708 1207 4772 his
1228 4711 1326 4774 casti-

429 4807 593 4889 gantibus,
608 4826 679 4870 esse
694 4815 864 4872 correctos.
909 4807 996 4871 Pera

572 5012 686 5088 ffliasa
708 5019 745 5078 aa
764 5015 955 5095 trprllrnbanr
976 5021 1186 5098 trrnprstatrnr.

474 5155 576 5231 Deus,
603 5157 659 5239 qui
689 5157 836 5220 omnium
863 5153 998 5243 (rerum)
1024 5159 1084 5223 tibi
1114 5161 1325 5227 seruientium

428 5264 580 5318 naturam
603 5276 662 5338 per
685 5257 773 5338 ipsos
797 5267 907 5323 motus
932 5259 1016 5322 aeris
1041 5258 1084 5323 ad
1108 5261 1233 5325 cultum
1259 5271 1326 5326 tuae

430 5354 612 5420 maiestatis
627 5355 789 5434 instituis;
806 5357 1083 5448 'tranquillitatem
1097 5360 1192 5424 nobis
1204 5361 1326 5424 miseri·

430 5453 551 5517 cordiae
571 5462 640 5517 tuae
662 5456 797 5520 remotis
818 5456 938 5540 largire
959 5459 1155 5538 terroribus;
1178 5471 1215 5524 ut
1235 5459 1326 5524 cuius

430 5551 511 5614 iram
528 5553 733 5636 exponimus,
750 5555 960 5622 clementiam
977 5559 1167 5624 sentiamus.
1213 5559 1298 5624 Pera

1654 545 1722 645 {a
1739 548 2000 642 captatoribus.

1756 748 1898 814 Secreta.

1423 870 1610 950 Offerimus,
1626 873 1769 948 domine,
1786 874 1901 939 laudes
1917 884 1950 938 et
1965 895 2108 955 munera,
2124 897 2185 960 pro
2199 897 2278 945 con·

1377 971 1478 1035 cessis
1494 971 1663 1037 beneficiis
1685 972 1809 1056 gratias
1830 973 2014 1056 referentes,
2031 985 2064 1039 et
2086 996 2146 1059 pro
2162 998 2276 1044 conce·

1378 1071 1499 1136 dendis
1515 1092 1646 1156 semper
1660 1072 1852 1155 suppliciter
1866 1073 2091 1157 deprecantes.
2136 1078 2221 1142 Per.⁷

1670 1244 1732 1308 Ad
1749 1247 1978 1330 complendum.

1421 1370 1645 1453 Omnipotens
1660 1372 1858 1453 sempiterne
1873 1375 1965 1446 deus,
1982 1374 2038 1456 qui
2056 1394 2116 1439 nos
2131 1385 2165 1440 et
2179 1378 2275 1442 casti-

1282 1461 1284 1466 ’
1377 1470 1488 1552 gando
1514 1490 1621 1545 sanas,
1646 1479 1681 1535 et
1708 1470 1910 1555 ignoscendo
1939 1492 2135 1552 conseruas3
2165 1487 2277 1559 presta

1377 1568 1579 1651 supplicibus
1594 1571 1669 1647 mia,
1685 1580 1723 1634 ut
1739 1579 1772 1635 et
1787 1571 2032 1655 tranquillitatis
2050 1572 2146 1638 huius
2161 1586 2276 1659 optate

1378 1669 1609 1733 consolationis
1623 1670 1783 1745 laetemur,
1800 1682 1833 1736 et
1852 1672 1941 1736 dono
1957 1683 2013 1755 tue
2035 1673 2168 1755 pietatis
2190 1696 2274 1740 sern-

1378 1778 1593 1851 peruramur.
1639 1770 1726 1835 Pera

1599 2009 1712 2084 Μέσσα
1732 2028 1784 2093 pru
1805 2013 2054 2096 tmptatiantbaa.

1378 2159 1541 2238 Cordium,
1557 2161 1761 2228 inimicorum
1785 2164 2012 2246 r'nuisr'br'lr'um,
2026 2178 2059 2232 et
2073 2169 2275 2250 cogitationi-

1701 2262 1760 2327 bus
1775 2265 1952 2330 inmundis.

1419 2380 1479 2468 (A.
1496 2385 1627 2462 exaudi,
1643 2387 1734 2464 deus,
1750 2391 1942 2469 orationem,
1958 2401 1992 2455 et
2007 2411 2049 2455 ne
2064 2387 2169 2478 deus).

1420 2484 1642 2566 Omnipotens
1665 2487 1838 2554 mitissime
1860 2492 1951 2568 deus,
1968 2491 2093 2574 respice
2114 2493 2276 2576 propitius

1377 2603 1490 2665 preces
1506 2595 1644 2665 nostras,
1656 2596 1690 2651 et
1704 2587 1809 2652 libera
1824 2609 1881 2654 cor
1896 2599 2044 2678 nostrum
2057 2591 2100 2656 de
2115 2591 2276 2656 malarum

1377 2683 1599 2766 temptatione
1613 2687 1860 2768 cogitationum,
1876 2697 1912 2753 ut
1928 2689 2033 2754 sancti
2057 2690 2189 2772 spiritus
2204 2691 2276 2774 dig·

1377 2801 1456 2845 num
1473 2782 1542 2846 fieri
1557 2782 1783 2850 habitaculum
1799 2807 1993 2852 mereamur.
2040 2787 2101 2853 Per
2111 2787 2133 2851 ¹.

1624 2960 1734 3025 Lectio
1756 2961 1803 3025 ad
1820 2961 2028 3028 corinthrbs¹.

1420 3081 1559 3162 Fratres,
1571 3085 1627 3167 qui
1642 3104 1679 3148 se
1694 3087 1866 3152 existimat
1884 3097 1971 3152 stare
1987 3088 2098 3153 uideat
2114 3107 2155 3152 ne
2170 3090 2278 3155 cadat.

1376 3180 1571 3264 Temptatio
1594 3203 1653 3247 uos
1680 3205 1747 3249 non
1773 3187 2010 3270 adprehendat,
2035 3187 2096 3251 nisi
2123 3188 2278 3256 humana.

1379 3279 1502 3344 Fidelis
1530 3290 1641 3346 autern
1659 3283 1749 3354 ¹deus
1779 3296 1838 3362 est,
1861 3287 1918 3370 qui
1951 3306 2018 3351 non
2047 3287 2191 3370 patietur
2217 3311 2278 3354 uos

1378 3381 1533 3464 temptari
1550 3402 1649 3465 super
1663 3384 1696 3447 id
1718 3386 1808 3466 qnod
1826 3386 1977 3470 potestis,
1992 3387 2051 3450 sed
2066 3385 2187 3451 iaciet³
2201 3409 2277 3453 cum

1378 3480 1596 3561 temptatione
1619 3481 1745 3547 etiam⁴
1766 3494 1972 3567 prouentum,
1993 3495 2030 3550 ut
2052 3487 2186 3569 possitis
2207 3507 2278 3552 sus-

1378 3578 1491 3643 tinere.

1423 3675 1498 3762 (Gr.
1521 3678 1579 3744 Ad
1595 3681 1791 3768 dominum).

1377 3827 1385 3846 .
1421 3776 1491 3864 (ΑΙ.
1516 3779 1555 3843 In
1572 3788 1614 3859 te,
1630 3779 1787 3867 domine).

1639 3956 1824 4022 Secundum
1839 3961 2017 4026 marcum⁶.

1423 4077 1462 4140 In
1488 4077 1546 4142 illo
1571 4088 1722 4164 tempore
1748 4082 1836 4147 dixit
1862 4080 1971 4148 ihesus
2004 4085 2173 4170 discipulis
2201 4089 2277 4164 suis,

1380 4175 1514 4242 Habete
1532 4178 1633 4243 fidem
1656 4181 1720 4245 dei.
1766 4183 1879 4248 Arnen
1902 4184 1977 4250 dico
1999 4184 2101 4265 nobie,
2118 4187 2205 4270 Quia
2227 4190 2278 4254 si⁶

1379 4277 1475 4358 quis⁰
1497 4278 1621 4343 dixerit
1641 4277 1718 4346 huic
1742 4283 1856 4361 monti,
1878 4283 2011 4350 Tollere
2033 4294 2067 4350 et
2089 4279 2219 4353 mittere
2242 4289 2277 4353 in

1379 4396 1477 4454 mare,
1494 4386 1528 4441 et
1543 4398 1609 4441 non
1633 4377 1823 4446 hesitauerit
1842 4383 1875 4446 in
1891 4385 1990 4449 corde
2008 4406 2078 4460 suo,
2094 4388 2153 4452 sed
2173 4389 2276 4453 credi-

1378 4474 1498 4540 diderit
1525 4477 1602 4560 quia
1632 4481 1863 4564 quodcumque
1889 4484 2012 4549 dixerit
2041 4485 2128 4565 fiet⁷,
2151 4485 2208 4551 fiet
2237 4491 2277 4553 ei.

1380 4575 1556 4657 Propterea
1573 4577 1647 4643 dico
1662 4580 1765 4659 uobis,
1779 4580 1901 4647 Omnia
1914 4603 2131 4669 quaecumque
2145 4598 2277 4652 orantes

1378 4676 1499 4758 petitis,
1515 4677 1639 4742 credite
1659 4681 1735 4761 quia
1753 4682 1928 4765 accipietis,
1945 4692 1978 4747 et
2000 4685 2155 4750 uenient⁸
2171 4688 2276 4752 uobis.

1379 4774 1424 4839 Et
1440 4795 1515 4840 curn
1530 4777 1660 4843 stabitis
1680 4781 1723 4844 ad
1745 4782 1929 4846 orationem
1939 4783 1960 4858 ⁹,
1977 4783 2134 4850 dimittite
2151 4787 2178 4850 si
2195 4787 2277 4870 quid

1377 4873 1507 4940 habetis
1521 4877 1678 4943 aduersus
1692 4880 1845 4964 aliquem,
1858 4881 1908 4946 Ut
1924 4892 1958 4946 et
1975 4893 2072 4967 pater
2086 4895 2203 4966 uester,
2219 4889 2276 4970 qui

1379 4974 1411 5038 in
1427 4975 1506 5039 celis
1522 4987 1581 5054 est,
1596 4979 1744 5045 dimittat
1759 4982 1853 5045 uobis
1868 4982 1989 5047 delicta
1998 4981 2022 5020 ¹⁰
2037 4994 2155 5050 uestra.

1421 5071 1494 5160 (Of.
1518 5077 1620 5150 Deus,
1636 5077 1790 5166 uiuifica).

1409 5263 1416 5293 ¹
1435 5265 1467 5316 0.
1479 5281 1504 5330 p.
1518 5280 1572 5328 ²03·

1409 5347 1419 5376 ⁸
1436 5345 1496 5395 Vul.
1510 5360 1528 5399 ψ
1542 5346 1627 5398 etiam.

1409 5423 1419 5454 ⁶
1436 5423 1515 5474 Marc.
1527 5424 1559 5474 xi.
1575 5437 1661 5491 rr-a5.

1409 5500 1419 5532 ¹
1436 5503 1494 5554 VuL
1506 5503 1559 5554 fiat.

1410 5579 1420 5610 ⁹
1437 5581 1494 5630 Vul.
1506 5582 1635 5634 orandum.

1934 5272 1944 5300 ¹
1962 5273 2176 5338 1Cor.xra.13.

1934 5350 1946 5381 ⁴
1961 5353 2019 5404 Vul.
2030 5369 2077 5404 om.

1933 5430 1966 5460 Μ
1983 5430 2041 5481 Vol.
2053 5431 2209 5498 quicumque.

1932 5509 1943 5541 ¹
1959 5510 2018 5560 Vul.
2031 5511 2152 5563 eueniant.

1927 5589 1946 5619 ¹⁰
1962 5589 2019 5640 Vul
2031 5597 2143 5654 peccata.
