5124 6608
423 571 472 642 94
736 547 843 624 uuna
866 548 1015 624 donini

787 749 962 832 Praefatio.

473 873 516 939 U.
534 872 577 937 D.
593 880 715 937 aeteme
730 871 821 939 deus.
857 874 903 938 Et
918 873 1127 940 clementiam
1144 885 1236 940 tuam
1252 894 1329 957 sup-

424 973 554 1056 pliciter
576 973 758 1048 obsecrare,
782 981 819 1038 ut
841 973 995 1057 spiritalis
1016 974 1138 1039 lauacri
1160 974 1329 1058 baptismo

425 1073 622 1138 renouandis
638 1081 822 1137 creaturam
838 1073 1023 1138 chrismatis
1039 1073 1072 1137 in
1084 1085 1328 1138 sacramentum

424 1173 568 1254 perfecte
584 1170 708 1247 salutis,
722 1174 867 1256 uitaeque
883 1173 1065 1251 confirmes,
1080 1173 1129 1238 Ut
1144 1173 1327 1238 sanctifica-

425 1272 515 1336 tione
539 1271 701 1335 unctionis
722 1272 838 1350 infusa,
854 1273 1062 1354 corruptione
1082 1273 1188 1354 prime
1209 1273 1328 1337 natiui-

424 1370 504 1435 tatis
525 1369 691 1448 obsorbta,
707 1379 857 1434 sanctum
880 1372 1133 1454 uniuscuiusque
1156 1372 1327 1454 templum,

423 1469 636 1552 acceptabilis
663 1468 741 1533 uitae
768 1469 925 1535 innocens
948 1472 1032 1535 odor
1061 1471 1253 1544 redolescat,
1278 1471 1327 1536 Ut

423 1570 605 1635 secundum
621 1569 865 1634 constitutionis
881 1581 948 1634 tuae
967 1579 1221 1650 sacramentum,
1237 1571 1328 1654 regio

425 1678 459 1734 et
479 1668 673 1734 sacerdotali
690 1668 950 1752 propheticoque
964 1669 1089 1734 honore
1109 1671 1239 1753 perfusi,
1254 1691 1328 1734 ues-

424 1769 566 1833 timento
610 1768 791 1851 incorrupti
834 1769 978 1833 muneris
1018 1770 1206 1834 induantur.
1268 1771 1330 1834 Per

424 1868 583 1933 christum
594 1867 617 1932 ¹.

807 1965 922 2031 sumt.

470 2092 512 2158 U.
531 2093 575 2156 D.
599 2093 661 2156 Per
675 2092 833 2157 christum
846 2094 1017 2158 dominum
1030 2102 1188 2159 nostrum.
1217 2093 1329 2180 Quem

425 2191 459 2254 in
486 2191 548 2256 hac
576 2203 674 2256 nocte
698 2193 783 2257 inter
808 2213 917 2257 sacras
948 2193 1062 2277 epulas
1091 2195 1328 2278 increpantem,

426 2311 520 2355 mens
535 2292 598 2355 sibi
614 2293 744 2356 conscia
759 2293 925 2358 traditoris
947 2292 1031 2356 serre
1049 2313 1115 2357 non
1133 2293 1254 2377 potuit,
1269 2295 1327 2358 sed

423 2391 650 2475 apostolorum
670 2391 783 2456 relicto
804 2393 978 2468 consortie,
995 2393 1163 2475 sanguinis
1185 2393 1328 2476 pretium

424 2490 560 2554 aiudeis
570 2491 706 2574 accepit,
719 2501 756 2556 ut
769 2492 871 2555 uitam
885 2494 1038 2574 perderet
1049 2513 1149 2575 quam
1162 2494 1327 2558 distraxit.

426 2587 579 2654 Caenauit
612 2591 712 2673 igitur
740 2590 839 2656 hodie
868 2592 1019 2674 proditor
1052 2603 1193 2657 mortem
1224 2612 1327 2671 suam,

424 2696 459 2753 et
483 2690 625 2753 cruentis
653 2690 805 2755 manibus
823 2712 944 2775 panem
967 2691 1010 2755 de
1033 2712 1133 2755 manu
1155 2691 1327 2758 saluatoris

424 2789 573 2853 exiturus
602 2790 738 2872 accepit,
762 2800 798 2855 ut
820 2792 972 2875 saginato
995 2787 1080 2878 (um)
1107 2791 1193 2873 cybo
1223 2793 1327 2857 maior

422 2908 524 2972 poena
559 2889 796 2972 constringeret
805 2889 827 2967 ³,
858 2911 959 2973 quem
996 2910 1057 2955 nec
1095 2891 1213 2955 sacrati
1250 2891 1326 2974 cybi

422 2987 566 3052 conlatio
597 3009 618 3051 a
649 2988 772 3054 scelere
808 2997 988 3054 reuocaret.
1049 2990 1178 3055 Patitur
1213 2991 1327 3074 itaque

422 3088 578 3151 dominus
600 3097 714 3152 noster
736 3088 846 3152 ihesus
868 3087 1010 3153 christus
1040 3087 1126 3154 filius
1151 3100 1227 3155 tuus
1250 3111 1325 3155 cum

422 3185 519 3252 hoste
542 3187 756 3251 nouissimum
779 3189 974 3272 participare
996 3189 1193 3265 conuiuium,
1215 3211 1235 3254 a
1259 3211 1326 3274 quo

339 3341 341 3348 ,
422 3306 459 3350 se
477 3296 615 3351 nouerat
637 3286 794 3351 continuo
820 3308 892 3352 esse
915 3288 1124 3364 tradendum,
1142 3289 1192 3354 Ut
1212 3311 1326 3353 exem·

421 3389 515 3473 plum
529 3389 724 3454 innocentiae
736 3391 862 3454 mundo
875 3388 1081 3474 relinqueret,
1094 3399 1129 3453 et
1138 3391 1325 3470 passionem

422 3509 516 3552 suam
538 3508 599 3571 pro
621 3488 721 3571 seculi
745 3489 973 3572 redemptione
994 3489 1172 3573 suppleret
1218 3490 1326 3554 Pascit

421 3589 522 3672 igitur
551 3588 641 3654 mitis
668 3589 751 3653 deus
784 3589 947 3653 immitem
974 3589 1097 3667 iudam,
1124 3598 1157 3653 et
1187 3589 1326 3656 sustinet

423 3689 513 3771 prius
529 3688 697 3752 crudelem
712 3689 897 3764 conuiuam,
913 3687 981 3771 Qui
998 3690 1116 3753 merito
1131 3689 1251 3772 laqueo
1266 3709 1326 3754 suo

422 3789 585 3870 periturus
614 3796 694 3864 erat,
715 3788 795 3870 quia
817 3788 861 3852 de
884 3787 1033 3872 magistri
1056 3789 1216 3870 sanguine
1237 3789 1325 3870 cogi-

421 3895 519 3952 tarat.
562 3885 593 3952 Ο
623 3888 796 3951 dominum
827 3907 887 3971 per
908 3889 1020 3951 omnia
1046 3888 1248 3970 patienteml
1294 3887 1325 3954 Ο

423 4032 431 4049 .
448 3984 593 4070 agnum⁴
609 3987 696 4051 inter
710 4007 787 4050 suas
806 3986 931 4070 aepulas
948 3987 1082 4052 mitem!
1107 3985 1240 4068 Cybum
1257 3988 1327 4052 eius

420 4086 517 4150 iudas
532 4087 565 4148 in
587 4107 644 4150 ore
659 4084 794 4162 serebat,
811 4095 844 4150 et
860 4086 980 4168 quibus
997 4107 1071 4150 eum
1089 4087 1234 4153 traderet
1252 4109 1324 4170 per-

421 4195 587 4250 secutores
610 4184 806 4250 aduocabat.
864 4183 932 4250 Sed
957 4185 1043 4250 filius
1070 4194 1148 4250 tuus
1173 4188 1327 4253 dominus

422 4295 545 4360 noster,
569 4294 727 4368 tanquam
751 4285 806 4368 pia
828 4284 946 4363 hostia,
969 4295 1003 4352 et
1027 4285 1188 4350 immolari
1208 4308 1244 4352 se
1266 4289 1325 4354 tibi

421 4405 482 4468 pro
505 4384 600 4448 nobis
618 4385 786 4468 pacienter
801 4386 958 4468 permisit,
981 4394 1016 4450 et
1038 4396 1211 4468 peccatum
1235 4389 1325 4470 quod

422 4485 566 4548 mundus
581 4484 790 4550 commiserat
806 4483 979 4549 relaxauit.
1026 4485 1087 4550 Per
1100 4507 1201 4570 quem
1212 4485 1233 4552 ⁵.

728 4658 832 4741 Infra
853 4659 1018 4726 actionum.

466 4781 770 4861 Communicantes,
791 4793 825 4850 et
846 4787 936 4850 diem
960 4787 1217 4852 sacratissimum
1240 4789 1324 4854 cele-

421 4882 567 4960 brantes,
582 4905 649 4968 quo
668 4885 824 4949 dominus
846 4894 958 4949 noster
975 4886 1086 4950 ihesus
1107 4887 1248 4951 christus
1265 4908 1325 4970 pro

422 4982 517 5047 nobis
539 4983 614 5049 est⁰
631 4985 775 5049 traditus
785 4983 807 5047 ⁰.
858 4983 929 5050 Sed
952 4993 986 5049 et
1009 4987 1203 5051 memoriam
1227 5007 1325 5052 uene·

423 5092 561 5146 rantesn

453 5271 462 5302 ¹
480 5271 511 5322 0.
525 5289 550 5337 p.
562 5285 626 5338 3113
642 5274 729 5324 mh

452 5348 463 5379 ¹
479 5351 633 5415 contingeret
644 5351 677 5402 O.

452 5427 463 5457 ⁴
478 5427 534 5478 'l'he
553 5428 605 5478 first
622 5429 695 5480 letter
712 5428 743 5479 oi
758 5428 809 5479 this
825 5427 895 5480 word
913 5429 935 5480 ir
953 5429 1046 5482 erued.
1080 5427 1136 5481 'l'be
1154 5429 1257 5495 reading
1274 5445 1325 5480 was

419 5505 545 5570 evidently
559 5505 706 5572 ‘maguum’
718 5523 746 5558 ns
757 5507 782 5556 in
794 5506 826 5557 Ο.

452 5583 463 5614 ⁸
478 5583 510 5635 0.
522 5599 546 5648 p.
559 5597 605 5648 3¹²
613 5601 622 5647 ς
638 5584 670 5635 Y.
682 5583 726 5636 iol.
738 5597 769 5650 35
782 5584 807 5635 b.
819 5585 846 5638 2.
943 5583 974 5624 ⁸·‘
990 5585 1025 5638 So
1037 5583 1069 5644 O,
1080 5584 1186 5636 traditur
1198 5583 1231 5636 V.

928 5274 938 5304 ¹
954 5273 986 5326 V.
999 5291 1025 5341 p.
1036 5287 1093 5340 ³¹²·
1105 5275 1140 5333 Z;
1157 5275 1189 5326 ll.
1200 5275 1245 5326 lol.
1257 5289 1287 5339 35
1301 5275 1325 5325 b.

1658 548 1824 641 &attinnt
1846 545 1995 622 donini.

1782 747 1873 813 Alia.

1427 874 1525 938 Hanc
1541 872 1640 957 igitur
1648 871 1852 938 oblationem
1860 869 2027 936 seruitutis
2037 879 2167 946 nostrae,
2180 873 2239 937 sed
2249 884 2284 939 et

1380 983 1506 1038 cunctae
1523 972 1656 1037 familiae
1667 982 1743 1048 tuae,
1757 992 1857 1054 quam
1867 971 1927 1035 tibi
1943 969 2109 1034 offerimus
2124 971 2168 1036 ob
2183 973 2283 1052 diem,

1381 1074 1414 1136 in
1438 1093 1504 1156 qua
1527 1072 1681 1137 dominus
1710 1081 1822 1136 noster
1847 1069 1957 1134 ihesus
1983 1069 2123 1135 christus
2147 1071 2284 1136 tradidit

1380 1173 1549 1256 discipulis
1564 1172 1630 1235 suis
1645 1170 1791 1254 corporis
1807 1180 1841 1234 et
1863 1169 2030 1253 sanguinis
2053 1171 2102 1233 sui
2124 1170 2284 1252 mysteria

1380 1271 1587 1347 celebranda,
1614 1290 1802 1355 quesumus,
1826 1269 1969 1344 domine,
1993 1278 2031 1332 ut
2055 1266 2204 1352 placatus
2228 1289 2285 1334 ac·

1378 1371 1505 1455 cipias.⁷

1785 1466 1877 1534 Alia.

1429 1594 1496 1680 Qui
1534 1594 1639 1678 pridie
1680 1614 1782 1677 quam
1818 1613 1879 1676 pro
1921 1603 2033 1657 nostra
2069 1594 2284 1676 omniumque

1380 1695 1486 1760 salute
1510 1703 1684 1776 pateretur,
1700 1693 1763 1759 hoc
1779 1703 1829 1758 est
1845 1692 1953 1771 hodie,
1968 1693 2095 1775 accepit
2113 1713 2234 1775 panem
2250 1694 2283 1758 in

1380 1805 1512 1861 sanctas
1526 1815 1566 1860 ac
1581 1795 1784 1859 uenerabiles
1800 1813 1916 1858 manus
1939 1813 2024 1868 suas,
2042 1793 2177 1858 eleuatis
2189 1790 2211 1858 ¹.

1680 1969 1744 2034 Ad
1760 1967 1987 2053 complendum.

1426 2097 1555 2163 Reiecti
1577 2095 1732 2161 uitalibus
1754 2095 1929 2174 alimentis,
1946 2114 2134 2180 quesumus,
2150 2093 2285 2159 domine

1381 2198 1463 2262 deus
1481 2207 1601 2276 noster,
1613 2207 1650 2261 ut
1662 2197 1751 2280 quod
1765 2207 1918 2278 tempore
1933 2195 2144 2260 mortalitatis
2160 2204 2283 2260 nostrae

1381 2299 1585 2380 exequimur,
1607 2295 1852 2361 inmortalitatis
1867 2305 1924 2379 tue
1946 2315 2081 2359 munere
2101 2315 2284 2379 consequa·

1381 2417 1463 2461 mur.
1506 2396 1568 2460 Per
1583 2396 1780 2460 dominum?

1509 2616 1619 2698 llnripit
1639 2621 1708 2680 urta
1729 2617 1802 2681 inin
1816 2617 1856 2681 iri.
1872 2617 2024 2699 passienis
2043 2617 2162 2680 tinini.

1380 2737 1474 2800 Hora
1489 2758 1574 2802 nona
1583 2737 1762 2820 procedant
1773 2757 1882 2801 omncs
1903 2736 1951 2800 ad
1961 2737 2130 2814 ecclesiam,
2146 2746 2179 2800 et
2195 2757 2283 2819 egre-

1420 2836 1515 2901 ditur
1531 2837 1709 2902 sacerdose
1730 2837 1875 2902 sacrario
1892 2857 1965 2900 cum
1987 2837 2092 2901 sacris
2113 2835 2284 2900 ordinibus

1421 2935 1509 3002 nihil
1519 2937 1712 3012 canentibus,
1724 2946 1757 3000 et
1769 2936 1904 2999 ueniunt
1915 2945 1990 3001 ante
2001 2937 2129 3010 altam
2145 2935 2286 3018 postukt

1414 3046 1478 3119 pro
1502 3057 1537 3100 re
1564 3057 1667 3114 orare,
1689 3036 1806 3109 duens,
1837 3035 1983 3100 Oramus.
2028 3035 2079 3098 Et
2106 3035 2285 3099 adnuntiat

1420 3137 1583 3214 diaconus,
1606 3135 1915 3217 Flectamusgenna.
1959 3133 2011 3197 Et
2017 3144 2094 3217 post
2100 3135 2283 3218 paululum,

1420 3237 1551 3300 Lunata.
1588 3235 1623 3298 E
1625 3245 1640 3298 t
1652 3234 1713 3300 dat
1725 3236 1901 3299 orationem
1916 3232 2006 3298 hanc.

1422 3360 1524 3432 Deus,
1550 3381 1571 3425 a
1596 3381 1663 3444 quo
1691 3368 1725 3424 et
1752 3360 1847 3424 iudas
1872 3370 1982 3424 reatus
2005 3358 2055 3423 sui
2079 3378 2224 3442 poenam,
2249 3368 2282 3423 et

1377 3460 1591 3526 consessionis
1628 3480 1696 3524 suae
1731 3459 1816 3524 latro
1853 3460 2017 3542 premium
2055 3460 2207 3542 sumpsit,
2244 3468 2285 3524 ut

1377 3559 1508 3644 supra¹.

1523 3683 1597 3748 Hac
1611 3682 1755 3747 oratione
1768 3682 1888 3766 expleta
1903 3683 2026 3766 legitur
2038 3682 2137 3746 lectu.

1421 3811 1484 3894 Ep.
1510 3809 1550 3874 ln
1565 3806 1780 3875 tribulatione
1794 3829 1854 3872 sua
1869 3829 1967 3872 mane
1982 3818 2191 3893 consurgent.

1618 3951 1776 4036 Sequitur
1789 3950 2035 4034 responsorium.

1422 4083 1459 4144 u.
1497 4079 1652 4154 Domine,
1683 4078 1805 4154 audiui,
1834 4076 1955 4141 audiui.
2017 4075 2099 4142 Cum
2136 4075 2282 4141 uersibus

1377 4182 1457 4247 sur's.

1398 4308 1483 4371 Item
1494 4305 1575 4370 dr'cit
1583 4304 1736 4381 sacerdos,
1749 4302 1897 4368 Oramus.
1929 4302 1982 4365 Et
1993 4301 2155 4378 diaconus,
2170 4301 2259 4366 Flec-

1620 4415 1730 4471 tamus
1743 4425 1858 4488 genua.
1902 4403 2035 4468 Leuate.

1421 4531 1522 4609 Deus,
1535 4531 1591 4615 qui
1607 4532 1733 4613 peccati
1748 4530 1867 4595 ueteris
1878 4528 2110 4594 hereditariam
2127 4536 2279 4602 mortem,

1378 4636 1410 4698 in
1426 4654 1492 4717 qua
1503 4633 1705 4717 posteritatis
1716 4652 1820 4716 genus
1831 4651 1930 4696 omne
1946 4636 2156 4704 successerat,
2167 4626 2280 4693 christi

1378 4733 1426 4800 tui
1452 4733 1580 4797 domini
1607 4733 1710 4796 nostri
1737 4731 1890 4815 passione
1913 4729 2051 4806 soluisti,
2076 4729 2119 4792 da
2142 4737 2179 4792 ut
2201 4746 2281 4792 con·

1378 4835 1498 4901 formes
1521 4835 1630 4900 eidem
1652 4832 1750 4908 facto,
1771 4833 1855 4896 sicut
1877 4831 2055 4913 imaginem
2078 4828 2198 4895 terreni
2221 4849 2280 4893 na-

1377 4945 1460 5000 turae
1483 4936 1681 4999 necessitate
1701 4935 1913 5017 portauimus,
1937 4932 1984 4995 ita
2008 4931 2185 5014 imaginem
2208 4931 2280 4994 uni·

1376 5035 1480 5118 geniti
1496 5033 1553 5097 filii
1569 5034 1616 5097 tui
1633 5033 1758 5096 domini
1774 5033 1877 5098 nostri
1900 5031 1991 5096 ihesu
2015 5029 2127 5095 christi
2149 5029 2280 5094 celestis

1376 5135 1493 5218 gratiae
1530 5131 1789 5198 sanctificatione
1826 5141 2004 5215 portemus.
2064 5127 2131 5212 Qui
2168 5137 2280 5194 tecum

1378 5233 1460 5297 uiuit
1473 5229 1495 5298 ³.

1409 5423 1415 5453 ¹
1435 5421 1504 5474 Here
1520 5421 1563 5472 the
1576 5421 1720 5472 Benedictio
1736 5420 1877 5472 chrismatis
1894 5419 1942 5470 and
1953 5419 2114 5470 Exorcisrnus
2128 5417 2178 5470 olei
2193 5417 2282 5469 follow

1376 5503 1561 5554 inunum.
1790 5499 1990 5565 ’Seepngepa

1407 5582 1418 5613 ¹
1435 5583 1465 5634 F.
1477 5599 1503 5649 p.
1515 5584 1555 5648 87.
1588 5582 1619 5632 Iu
1630 5580 1742 5634 sabbuo
1754 5589 1848 5642 sancto,
1862 5579 1918 5632 Gel.
1930 5596 1955 5646 p.
1967 5593 2030 5646 559t
2047 5595 2095 5631 aar.
2107 5579 2133 5630 Z.
