5116 6608
1001 597 1130 689 suni
1156 598 1288 684 §usses
1314 597 1404 674 trull
1422 600 1534 686 stiffi·
1552 601 1596 678 Δ.
1616 607 1646 677 t.
1665 609 1715 679 rh.

607 845 657 912 ht
676 851 778 912 sumto
798 847 894 928 alteru
915 845 1152 938 archimimupui

1752 805 1919 884 Preplratrb.

1426 919 1463 979 V.
1482 919 1520 980 D.
1543 933 1658 984 aetemae
1685 919 1794 1008 [deus].
1841 925 1901 1000 Qui
1930 927 2017 988 beato
2045 927 2231 1006 archipresuli
2259 939 2289 990 et

829 993 935 1054 &⁰¹1⁸st
1384 1016 1500 1092 martyri
1524 1027 1575 1076 tuo
1597 1037 1713 1081 narseo
1736 1021 1767 1080 in
1791 1022 1929 1097 passione
1954 1021 2063 1082 crudeli
2091 1023 2289 1082 constantiam

471 1113 564 1186 Deus,
589 1115 638 1192 qui
660 1115 779 1175 beatum
799 1113 1023 1192 archipresulem
1043 1135 1184 1177 rrrrrrrrr
1208 1116 1254 1177 die
1278 1116 1331 1178 110.
1384 1109 1472 1168 talem
1493 1112 1676 1185 condonasti,
1691 1123 1723 1174 ut
1743 1133 1799 1174 nec
1819 1117 1933 1175 territus
1952 1115 2110 1192 aufugeret,
2125 1118 2179 1178 sed
2193 1117 2288 1177 carni-

430 1209 530 1268 diema
545 1209 606 1269 dira
620 1209 757 1287 passione
772 1211 967 1270 occubentem
985 1228 1143 1288 perennem
1164 1212 1331 1272 transtulisti
1384 1201 1472 1262 ficum
1486 1205 1597 1264 rabiem
1608 1208 1638 1265 in
1649 1218 1677 1267 te
1688 1209 1839 1268 roboratus
1854 1209 1979 1270 inuictus
1991 1209 2166 1271 deuinctrei·
2197 1211 2287 1282 Hinc»

430 1303 468 1362 ad
482 1302 614 1380 gloriam,
629 1313 734 1381 presta,
749 1321 917 1382 quesumus,
931 1313 962 1362 ut
984 1303 1058 1362 illius
1079 1304 1251 1364 adiuuemur
1265 1324 1331 1365 ora·
1383 1314 1461 1373 ergo.
1476 1306 1556 1356 tuem
1570 1302 1715 1378 supplices
1736 1321 1891 1379 precamur
1911 1303 2104 1373 clementiam.
2119 1315 2151 1363 ut
2172 1323 2228 1364 ¹108
2249 1305 2287 1364 ab

429 1398 567 1469 tionibus,
590 1398 641 1475 qui
662 1399 704 1457 tui
725 1398 854 1458 nominis
876 1397 1040 1476 predicator
1062 1399 1153 1458 extitit
1176 1399 1330 1477 glori0srrs,
1382 1389 1545 1450 emulorum
1560 1406 1733 1454 cunctorum
1747 1397 1877 1474 nequitia
1888 1397 2038 1470 defendas,
2048 1409 2077 1457 et
2090 1399 2121 1457 in
2136 1409 2186 1458 tua
2199 1399 2286 1457 mise-

428 1489 493 1550 Ρη,
1382 1484 1507 1545 ricordia
1520 1486 1558 1546 ad
1571 1490 1655 1566 regni
1668 1490 1782 1550 celestis
1801 1509 1908 1552 amena
1928 1493 2079 1571 perducas.
2121 1492 2178 1553 Per
2199 1493 2287 1554 chris·

818 1569 939 1635 Secreta.
1383 1587 1454 1639 tum.

469 1689 583 1752 Mensis
607 1692 705 1765 sacris,
727 1710 895 1770 quesumus,
916 1691 1045 1764 domine,
1067 1691 1193 1752 hostiam
1216 1712 1329 1754 sacrare
1717 1667 1946 1727 memmi·

428 1784 556 1862 digneris
567 1785 742 1863 impositam,
754 1796 785 1844 ut
795 1787 960 1845 interuentu
971 1786 1172 1862 archipresulis
1183 1797 1212 1846 et
1220 1789 1330 1848 meritis
1424 1779 1562 1858 Sumptis,
1597 1781 1724 1857 domine,
1760 1788 1928 1848 muneribus
1963 1786 2060 1858 sacris,
2088 1785 2285 1847 intercedente

428 1876 575 1959 (martiris)
604 1897 719 1950 naraon,
747 1881 806 1954 uite
834 1881 921 1938 nobis
950 1898 1092 1958 prospera
1120 1882 1272 1956 presentis,
1300 1892 1329 1942 et
1380 1873 1468 1932 beato
1490 1876 1683 1955 archipresule
1704 1897 1739 1938 ac
1766 1889 1892 1957 martyre
1914 1891 1966 1940 tuo
1988 1899 2115 1952 runco,
2140 1881 2285 1940 acunctis

427 1975 567 2051 gaudium
582 1974 683 2036 fumrae
697 1975 882 2035 beatitudinis
896 1973 1036 2053 adquirat.
1078 1973 1142 2034 Per.
1381 1967 1603 2119 qduersitatibus
1616 1992 1761 2047 eruamur,
1775 1985 1804 2034 et
1817 1975 1931 2054 gaudiis
1952 1975 2097 2036 mansuris
2116 1975 2286 2035 inseramur.

1406 2081 1445 2121 er.

802 2449 1016 2525 SlDNEY
1056 2452 1272 2529 SUSSEX
1314 2456 1571 2536 COLLEGE
1612 2463 1697 2538 MS.
1724 2466 1767 2540 Δ.
1797 2485 1828 2562 5.
1862 2487 1918 2558 15.

466 2673 537 2734 Tun
556 2671 705 2750 following
726 2669 810 2732 Mass
829 2671 862 2731 of
881 2669 922 2730 St.
939 2669 1081 2732 Cuthbert
1101 2691 1206 2734 occurs
1226 2686 1256 2735 at
1277 2677 1326 2738 the
1380 2691 1408 2742 et
1429 2681 1528 2759 gladio
1548 2683 1630 2744 uerbi
1648 2683 1738 2744 diuini
1759 2685 1909 2746 uictoriam
1931 2684 2069 2763 capiens;
2092 2686 2232 2750 adextn's
2254 2701 2284 2752 et

425 2770 504 2831 close
519 2767 582 2828 ofa
596 2767 677 2827 short
698 2765 963 2844 eleventh·century
977 2766 1138 2838 Pontifical,
1153 2771 1263 2830 written
1285 2789 1326 2831 on
1379 2777 1498 2838 sinistris
1513 2789 1660 2857 protectus
1674 2780 1722 2840 dei
1736 2781 1818 2840 miles
1838 2779 1966 2840 hostium
1987 2797 2097 2840 cuneos
2117 2787 2281 2859 superabat,

423 2864 557 2923 fourteen
572 2862 666 2922 leaves
681 2860 716 2919 of
726 2879 827 2921 coarse
842 2862 956 2932 vellum,
971 2863 1089 2922 entitled
1105 2864 1211 2924 ‘Liber
1226 2864 1327 2925 Sancti
1378 2882 1407 2930 et
1428 2873 1519 2932 multa
1540 2892 1592 2950 per
1613 2893 1681 2933 eum
1702 2874 1839 2935 dominus
1860 2874 2002 2934 mirabilia
2020 2873 2096 2946 fecit,
2118 2887 2147 2934 et
2167 2877 2280 2936 obitum

422 2956 595 3028 Cuthberti,'
619 2957 678 3017 and
702 2956 806 3016 bound
833 2975 873 3033 up
899 2956 988 3033 along
1015 2956 1084 3017 with
1113 2977 1131 3018 a
1159 2959 1231 3019 later
1259 2959 1325 3021 MS.

423 3051 604 3122 Bestiarium,
625 3052 656 3109 in
676 3050 725 3110 the
746 3049 867 3129 Library
883 3050 919 3110 of
937 3050 1046 3129 Sidney
1064 3052 1173 3114 Sus'sex
1195 3053 1326 3132 College,

421 3144 610 3224 Cambridge,
625 3155 656 3205 Δ.
672 3161 699 3221 5.
718 3163 754 3220 15
764 3163 814 3204 r·-

679 3351 743 3438 [hr
764 3361 864 3423 sumtu
885 3357 1053 3444 mthhrrtu}

464 3487 626 3574 [S]anctus,
637 3490 765 3562 domine,
775 3493 972 3566 cuthberhtus,
987 3492 1126 3554 sacerdos
1140 3503 1168 3552 et
1182 3491 1324 3570 pontifex,

422 3588 504 3646 cuius
515 3585 687 3646 hodiernam
698 3587 880 3646 celebramus
895 3586 1087 3660 festiuitatem,
1100 3606 1153 3646 sua
1167 3605 1222 3646 nos
1238 3588 1325 3646 inter-

422 3682 555 3741 cessione
569 3680 693 3752 letificet,
704 3691 734 3740 et
744 3682 794 3758 pia
804 3699 919 3758 semper
930 3681 960 3740 in
971 3691 999 3741 te
1010 3680 1097 3740 faciat
1111 3681 1326 3758 sollempnitate

421 3775 558 3852 gaudere.
600 3775 656 3835 Per
670 3775 832 3835 dominum.

801 3915 949 4002 [Secreta]

465 4023 571 4108 [H]aec
605 4026 665 4099 tibi,
693 4025 822 4098 domine,
856 4045 1025 4106 quesumus,
1058 4028 1136 4087 beati
1171 4025 1324 4088 cuiiberhti

422 4118 625 4200 sacerdaiohis
638 4122 782 4199 praecibus
796 4131 878 4199 grata
892 4122 1029 4182 reddatur
1043 4122 1161 4194 oblatio,
1176 4133 1205 4182 et
1219 4140 1274 4200 pro
1289 4141 1324 4182 ea

421 4217 551 4294 gloriosa
564 4225 697 4276 nostrum
710 4215 881 4276 famulatum
895 4215 1034 4294 purificet
1069 4215 1126 4276 Per
1139 4213 1292 4276 dominum
1303 4218 1322 4276 ².

789 4368 955 4455 [rasorii.

464 4491 556 4575 [Uere
579 4493 710 4570 dignum,
735 4503 841 4553 aeteme
865 4487 959 4574 deus]
1010 4491 1047 4552 In
1070 4490 1127 4552 hac
1152 4491 1198 4552 die
1219 4495 1324 4570 migra-

422 4589 512 4649 tionis
525 4587 564 4648 ad
577 4588 716 4648 christum
733 4587 906 4648 sanctissimi
926 4585 1084 4647 sacerdotis
1098 4583 1258 4660 cuiiberhti,
1273 4588 1323 4665 qui

422 4685 454 4743 in
489 4683 583 4762 primo
618 4683 865 4743 continentissime
900 4693 929 4742 et
968 4682 1128 4742 castissime
1168 4700 1324 4742 conuersa-

422 4776 553 4859 tione(i)s
567 4776 777 4837 monachornm
792 4777 823 4834 in
837 4776 941 4836 actuali
955 4776 1014 4836 uita
1033 4777 1200 4854 exemplum
1217 4779 1323 4836 sanctis

374 4931 378 4940 ,
422 4874 525 4943 factus,
537 4880 566 4931 et
577 4871 766 4950 postmodum
780 4871 877 4930 multis
892 4871 977 4930 annis
991 4869 1150 4930 theoricam
1164 4871 1195 4928 in
1210 4870 1323 4930 deserto

423 4975 541 5028 secutus
555 4975 598 5026 est
612 4965 711 5038 uitam,
727 4965 791 5025 solo
806 4965 971 5024 aternitatis
985 4963 1033 5022 dei
1054 4982 1153 5024 amore
1171 4977 1280 5042 pastus,
1295 4976 1324 5025 et

423 5071 526 5138 postea
540 5060 657 5130 inuitus,
671 5077 732 5119 non
751 5077 804 5118 sua
823 5059 978 5130 uoluntate,
995 5058 1046 5117 sed
1066 5058 1113 5118 dei
1132 5058 1323 5135 prouidentia,

424 5149 547 5236 ad[que]
563 5151 751 5213 ecclesiarum
766 5153 897 5223 consilio,
912 5152 942 5210 in
957 5151 1144 5230 episcopatus
1159 5151 1266 5212 electus
1281 5163 1324 5212 est

423 5249 557 5326 gradum.
593 5245 653 5320 Qui
668 5265 783 5324 semper
793 5247 910 5305 uiriliter
920 5255 949 5306 et
963 5245 1072 5305 fortiter
1083 5256 1185 5305 contra
1196 5263 1323 5318 carnem,

424 5353 454 5401 et
467 5343 649 5419 sanguinem,
664 5352 693 5400 et
707 5341 780 5400 aeris
794 5340 878 5400 huius
892 5341 1037 5417 principes
1052 5350 1240 5416 pugnauerat,
1255 5359 1324 5400 cum

424 5437 508 5514 galea
528 5437 591 5512 spei
611 5435 717 5506 salutis,
732 5444 761 5494 et
782 5434 870 5494 lorica
888 5435 1002 5508 iustitie,
1016 5443 1045 5493 et
1059 5451 1127 5492 cum
1148 5445 1231 5494 scuto
1246 5433 1323 5506 fidei,

457 5582 467 5610 ²
484 5581 539 5632 ror.
553 5593 596 5644 171
606 5582 631 5632 u.

455 5659 466 5689 ¹
482 5660 546 5711 This
557 5661 607 5710 Sa.
619 5675 705 5711 occurs
715 5658 741 5710 in
752 5657 851 5711 Leofric
862 5657 892 5722 C,
905 5674 930 5724 p.
940 5671 995 5723 205,
1006 5659 1069 5710 with
1080 5657 1169 5710 verbal
1180 5659 1325 5710 venatione.

1378 2984 1464 3024 suum
1485 2967 1587 3028 diebus
1615 2969 1745 3048 plurimis
1767 2969 1943 3046 predicebat
1987 2967 2063 3046 Regi
2085 2977 2114 3027 et
2135 2971 2278 3048 episcopo

1377 3063 1619 3138 gubernationem
1647 3063 1740 3141 plebis
1768 3063 2002 3136 commendabat,
2024 3075 2053 3123 et
2074 3064 2111 3123 ad
2132 3063 2280 3126 desertum

1377 3167 1511 3216 sanctum
1538 3157 1723 3236 properabat,
1749 3167 1780 3218 et
1806 3157 1938 3234 spiritum
1966 3175 2060 3230 suum,
2084 3177 2153 3218 cum
2181 3160 2279 3234 celesti

1377 3262 1479 3311 sancto
1494 3262 1523 3310 et
1542 3253 1712 3329 euangelico
1727 3261 1802 3322 cetu,
1817 3251 1875 3311 deo
1895 3251 1969 3329 patri
1991 3253 2186 3330 omnipotenti
2206 3255 2278 3313 emi-

1378 3354 1461 3403 serat.
1503 3343 1558 3416 Te,
1582 3345 1710 3418 domine,
1735 3364 1815 3422 ergo,
1840 3346 2037 3422 deprecamur,
2064 3365 2116 3424 per
2142 3347 2278 3407 interces-

1377 3439 1491 3499 sionem
1506 3439 1599 3499 sancti
1614 3435 1764 3500 cuiiberhti
1775 3439 1915 3517 episcopi,
1928 3439 1965 3500 ad
1986 3451 2105 3518 portum
2126 3439 2277 3513 felicitatis

1376 3542 1406 3591 et
1432 3533 1470 3593 ad
1498 3533 1614 3593 celestia
1641 3534 1703 3593 eius
1731 3551 1822 3612 regna
1849 3534 1999 3612 pemenire
2023 3551 2204 3607 mereamur;
2230 3537 2276 3596 cui

1377 3626 1493 3686 adstant
1520 3627 1745 3687 innumerabiles
1776 3628 1947 3705 angelorum
1975 3637 2004 3686 et
2035 3627 2277 3705 archangelorum

1377 3719 1467 3792 chori,
1482 3731 1510 3780 et
1524 3721 1625 3781 dicunt
1637 3721 1822 3782 2-Sanctua

1697 3874 1954 3962 [Postcommum'o].

1418 3993 1535 4079 [D]eus‚
1544 3999 1594 4076 qui
1605 4017 1660 4058 nos
1671 4009 1839 4058 sanctorum
1848 4009 1964 4058 tuorum
1973 3999 2126 4076 temporali
2134 3999 2276 4080 tribuesii)

1376 4094 1657 4152 commemoratione
1678 4093 1815 4169 gaudere,
1829 4103 1936 4171 presta,
1953 4110 2122 4169 quesumus,
2136 4105 2176 4165 ut,
2189 4095 2276 4155 beato

1375 4181 1538 4244 cuiiherhto
1551 4187 1767 4260 interueniente,
1782 4189 1813 4245 in
1827 4204 1863 4246 ea
1875 4203 2063 4246 numeremur
2076 4198 2154 4248 sorte
2168 4187 2275 4258 salutis,

1375 4280 1406 4339 in
1420 4299 1478 4358 qua
1491 4281 1531 4340 illi
1545 4292 1612 4340 sunt
1625 4283 1719 4359 gratia
1732 4293 1782 4341 tua
1795 4281 1937 4367 gloriosi.¹
1965 4280 2029 4341 Per.

1417 4481 1483 4542 The
1498 4481 1646 4563 following
1660 4484 1732 4544 lines
1747 4485 1776 4543 in
1796 4483 1942 4544 reference
1963 4493 1995 4544 to
2010 4482 2051 4542 St.
2067 4483 2207 4545 Nicbolas
2228 4503 2276 4544 are

1375 4576 1530 4653 appended
1554 4578 1585 4636 in
1605 4597 1622 4636 a
1644 4579 1786 4650 different,
1807 4577 1860 4638 but
1880 4597 1948 4656 very
1967 4578 2054 4654 early,
2074 4575 2275 4656 handwriting,

1375 4670 1442 4730 with
1457 4671 1580 4732 musical
1593 4682 1687 4744 notes,
1702 4673 1733 4731 in
1746 4672 1794 4731 the
1809 4670 1884 4732 form
1898 4671 1933 4731 of
1944 4689 2065 4732 neumes
2075 4692 2127 4731 :-

1417 4789 1556 4866 Opastor
1566 4794 1681 4851 etemel
1699 4790 1868 4852 Oclemens
1877 4799 1907 4850 et
1916 4791 1995 4850 bone
2009 4793 2125 4851 custosl
2145 4790 2276 4868 quidum

1376 4885 1491 4944 deuotis
1510 4887 1607 4962 gregis
1628 4904 1729 4963 preces
1750 4886 1931 4957 adtenderas,
1946 4903 2020 4945 uoce
2041 4885 2125 4962 lapsa
2145 4885 2182 4945 de
2204 4887 2275 4958 celo,

1375 4982 1482 5060 presuli
1501 4983 1692 5053 sanctissimo,
1711 4981 1833 5059 dignum
1852 4982 2023 5066 episcopatu
2039 4981 2207 5042 nicholaum
2228 4999 2275 5040 os-

1375 5075 1491 5135 tendisti
1505 5085 1588 5134 tuum
1603 5076 1759 5134 famulum!
1800 5075 1967 5135 Adoremus
1987 5093 2088 5152 regem
2103 5076 2274 5148 seculorum,

1376 5170 1406 5228 in
1420 5188 1480 5246 quo
1494 5171 1566 5229 uiuit
1579 5169 1739 5242 nicholaus,
1754 5169 1850 5230 honor
1863 5167 2055 5230 sacerdotum.

1418 5262 1624 5324 Nobilissimus
1644 5264 1788 5341 siquidem
1810 5264 1954 5322 natalibus
1968 5273 2049 5323 ortus
2070 5263 2158 5323 uelud
2177 5262 2276 5324 lucifer

1376 5357 1529 5418 nicholaus
1546 5359 1672 5418 emicuit.
1714 5357 1874 5435 Postquam
1888 5356 1969 5417 domi
1990 5357 2131 5436 puerilem
2152 5357 2277 5418 decursit

1376 5464 1489 5526 etatem,
1519 5455 1631 5524 cunctis
1658 5453 1760 5514 mundi
1787 5453 1872 5513 huius
1900 5453 2004 5530 spretis
2025 5453 2275 5525 oblectationibus,

1377 5549 1473 5608 christi
1489 5567 1520 5608 se
1534 5548 1603 5625 iugo
1618 5549 1772 5621 subiciens,
1787 5547 1971 5609 documentis
1985 5549 2093 5610 sanctis
2112 5565 2199 5608 suum
2212 5565 2277 5626 pre·

1377 5644 1440 5703 buit
1453 5643 1593 5705 auditum.
