5124 6608
681 546 783 640 nnn
807 547 839 620 n.

304 750 351 812 -de
371 747 535 830 preteritis
554 747 713 813 fructibus
732 747 924 832 glorificare,
940 759 975 815 et
997 749 1040 814 de
1062 749 1208 816 uenturis

306 848 495 931 suppliciter
526 868 673 924 exorare,
696 848 746 914 Ut
776 868 852 913 cum
878 850 921 913 de
950 851 1115 933 perceptis
1141 870 1207 914 non

306 948 489 1011 inuenimur
503 948 631 1032 ingrati,
646 947 689 1011 de
704 949 924 1032 percipiendis
942 969 1009 1014 non
1025 950 1208 1014 iudicemur

303 1047 450 1128 indigni;
474 1047 542 1112 Sed
559 1047 709 1115 exhibita
721 1049 845 1113 totiens
861 1048 1013 1114 sollemni
1029 1050 1207 1114 deuotione
1261 1077 1269 1090 ·

304 1147 423 1212 ieiunia
435 1168 510 1211 cum
521 1148 676 1212 subsidiis
688 1148 914 1232 corporalibus
928 1147 1112 1230 proiectum
1125 1168 1207 1231 quo·

304 1267 369 1328 que
384 1247 553 1329 capiamus
570 1249 764 1312 animamm.
811 1249 872 1312 Per
887 1248 1045 1314 christum
1055 1246 1076 1310 ¹.

600 1422 662 1487 Ad
679 1423 906 1506 complendum.

346 1549 401 1613 Da
423 1550 528 1628 nobis,
544 1551 727 1616 misericors
750 1551 842 1628 deus,
858 1560 894 1614 ut
917 1559 1031 1615 sancta
1053 1560 1111 1616 tua
1134 1550 1206 1634 qui·

302 1645 363 1713 bus
383 1650 584 1714 incessanter
602 1649 784 1732 explemur,
799 1651 933 1714 sinceris
949 1659 1130 1715 tractemus
1144 1650 1204 1713 ob-

301 1749 431 1832 sequiis,
448 1760 482 1814 et
500 1769 633 1832 semper
648 1749 737 1814 fideli
753 1760 866 1816 mente
881 1770 1060 1816 sumamus.
1106 1749 1193 1815 Pers

632 1924 694 1989 Ad
705 1923 871 2008 populum.

345 2058 448 2135 Deus,
478 2060 534 2143 qui
569 2059 602 2122 in
632 2060 754 2124 deserti
790 2059 923 2142 regione
956 2058 1203 2125 multitudinem

302 2159 413 2242 populi
424 2170 484 2224 tua
499 2161 621 2224 uirtute
636 2160 773 2237 satiasti,
785 2161 818 2222 in
833 2159 929 2224 huius
945 2179 1078 2242 quoque
1093 2159 1203 2225 saeculi

302 2259 501 2323 transeuntis
523 2275 664 2324 excursu
687 2259 812 2324 uictum
836 2259 931 2323 nobis
954 2258 1143 2341 spiritalem,
1162 2280 1204 2324 ne

302 2356 502 2430 deficiamus,
517 2358 681 2442 impende.
728 2358 791 2423 Per
805 2359 977 2422 dominum
992 2367 1167 2422 nostrum?

655 2536 848 2602 Benedictio.

343 2663 447 2741 Deus,
470 2665 527 2748 qui
549 2685 610 2728 uos
635 2664 679 2728 ad
706 2664 909 2748 presentium
934 2661 1203 2747 quadragesima·

300 2765 380 2832 lium
397 2769 526 2832 dierum
543 2768 757 2832 medietatem
773 2767 928 2850 dignatus
944 2777 995 2832 est
1016 2767 1203 2850 perducere,

301 2870 370 2952 ipse
400 2890 460 2933 uos
490 2889 550 2932 sua
581 2869 790 2933 miseratione
817 2869 971 2950 dignetur
1000 2868 1202 2932 benedicere.

301 2969 423 3033 Amen.

343 3069 593 3133 Abstinentiam
609 3077 754 3131 uestram
772 3067 964 3150 preteritam
979 3075 1139 3150 acceptet,
1152 3066 1201 3130 su-

301 3179 408 3232 turam
431 3169 479 3232 ita
500 3167 562 3231 sibi
585 3166 742 3250 placitam
766 3166 893 3242 reddat,
910 3177 946 3230 ut
966 3167 1050 3232 sicut
1071 3167 1115 3230 ab
1131 3167 1203 3230 inli-

301 3269 374 3332 citis
388 3268 479 3346 cibis,
492 3269 539 3332 ita
550 3288 611 3331 uos
623 3269 725 3332 etiam
735 3287 757 3331 a
769 3268 858 3332 uitiis
869 3266 1024 3331 omnibus
1036 3267 1203 3331 abstinere

302 3368 470 3433 concedat.
514 3366 637 3432 Amen.

344 3467 422 3551 Quo
450 3468 494 3532 de
523 3466 687 3550 preteritis
717 3475 750 3530 et
781 3465 824 3529 de
855 3464 972 3528 suturis
1005 3465 1201 3548 spiritalium

302 3568 511 3632 carismatum
538 3565 686 3648 frugibus
714 3565 743 3629 ei
769 3574 882 3648 grates
907 3564 1133 3647 persoluentes
1158 3565 1201 3629 ad

302 3676 451 3731 sanctum
478 3663 601 3750 pascha
623 3666 795 3749 peruenire
817 3665 952 3747 possitis
975 3665 1171 3750 indempnes
1179 3665 1201 3730 ².

303 3765 422 3831 Amen.

346 3866 444 3950 Quod
460 3867 531 3950 ipse
546 3877 705 3950 praestare
718 3866 874 3950 dignetur
883 3865 905 3931 ³.

676 4165 765 4236 Jlttia
785 4167 827 4230 ll.⁴

504 4307 535 4370 Α
538 4304 567 4371 d
576 4317 704 4373 sanctos
718 4308 811 4373 iiiior
824 4315 997 4372 coronatos.

346 4431 479 4513 Praesta,
494 4452 684 4517 quesumus,
700 4434 911 4513 omnipotens
931 4433 1022 4506 deus,
1038 4440 1075 4496 ut
1091 4430 1202 4496 obser-

305 4535 453 4600 uationes
475 4554 584 4599 sacras
605 4555 717 4598 annua
744 4534 923 4598 deuotione
954 4531 1144 4610 recolentes,
1170 4543 1204 4596 et

304 4654 437 4716 corpore
461 4634 522 4699 tibi
554 4633 744 4716 placeamus
774 4641 808 4696 et
838 4641 958 4697 mente.
1004 4627 1067 4694 Per
1095 4631 1202 4696 domi-

304 4747 404 4798 num.t

683 4818 822 4884 Secreta.

347 4945 506 5012 Oblatum
525 4945 594 5025 tibi,
609 4944 752 5022 domine,
768 4943 962 5010 sacrificium
982 4942 1126 5009 uiuificet
1142 4964 1202 5008 nos

305 5065 431 5128 semper
446 5055 480 5109 et
495 5046 633 5110 muniat.
677 5044 740 5110 Per
755 5045 958 5110 dominum.t

336 5233 343 5262 ¹
360 5233 390 5285 0.
402 5251 426 5300 p
439 5233 495 5297 ³0⁶.
508 5234 535 5286 Ζ.
659 5234 719 5288 ²0.
730 5251 777 5287 om.

335 5311 345 5340 ⁴
360 5325 385 5363 n.
399 5312 477 5373 Deru,
490 5315 516 5363 in
526 5313 627 5365 nomine
637 5321 690 5366 tuo.

363 5401 398 5442 1²8.
419 5392 529 5442 Auribus
550 5393 657 5460 percipe,
681 5393 727 5444 do·

430 5471 503 5520 niue.

912 5237 922 5267 ⁸
938 5235 971 5286 Ο.
982 5251 1007 5300 p.
1019 5235 1074 5298 367.

823 5326 865 5365 os.
876 5313 1036 5365 Iubihtedeo
1042 5315 1124 5365 omnis
1129 5321 1202 5365 terra

823 5403 889 5443 conr.
905 5393 948 5442 nb
959 5391 1063 5443 occultis
1073 5391 1142 5444 mein

824 5475 895 5530 (ue.
915 5471 1043 5521 Venerunt
1059 5470 1108 5538 dug
1129 5470 1202 5522 muli·

905 5565 966 5600 erne.

824 5636 869 5678 nv.
883 5627 965 5693 Prope
975 5635 1028 5684 erat
1039 5627 1151 5694 pascha).
1162 5659 1164 5664 ·

362 5547 668 5600 nFstomihiindeum.

361 5625 669 5694 concinnamenti.

1625 551 1728 644 linis
1753 553 1795 627 tt.
2118 559 2164 648 85

1622 753 1796 836 Proefatio.

1305 875 1349 941 U.
1363 876 1405 942 D.
1416 885 1539 941 aeteme
1550 877 1642 942 deus.
1670 879 1717 944 Et
1728 890 1822 944 tuam
1837 879 2030 962 suppliciter
2041 881 2165 946 miseri-

1260 976 1407 1041 cordiam
1445 975 1621 1058 implorare
1659 987 1696 1043 ut
1739 980 1934 1045 exercitatio
1974 983 2165 1047 ueneranda

1259 1075 1371 1139 ieiunii
1402 1075 1554 1140 salutaris
1587 1098 1647 1142 nos
1676 1099 1697 1142 a
1727 1090 1940 1162 peccatorum
1978 1091 2163 1146 nostrorum

1260 1175 1397 1238 maculis
1420 1187 1578 1260 purgatos
1601 1179 1727 1252 reddat,
1752 1189 1786 1244 et
1809 1179 1853 1243 ad
1879 1200 2096 1263 supemorum
2119 1183 2164 1247 ci-

1260 1275 1350 1338 uium
1366 1275 1560 1341 societatem
1581 1279 1739 1360 perducat
1752 1304 1760 1359 ;
1785 1278 1834 1345 Ut
1850 1279 1951 1344 ethic
1967 1282 2163 1347 deuotorum

1259 1383 1393 1438 actuum
1423 1394 1594 1440 sumamus
1622 1388 1849 1462 augmentum,
1881 1388 1915 1443 et
1943 1380 2010 1445 illic
2039 1391 2164 1446 aeteme

1259 1473 1474 1538 beatitudinis
1510 1475 1731 1562 percipiamus
1769 1477 2040 1546 emolumenturn.
2101 1481 2163 1546 Per

1258 1573 1448 1640 christum¹.

1554 1676 1616 1740 Ad
1632 1675 1860 1760 complendum.

1302 1798 1461 1883 Sumptis,
1486 1802 1630 1878 domine,
1652 1803 1852 1868 salutaribus
1873 1807 2089 1871 sacramentis
2117 1809 2160 1871 ad

1257 1899 1495 1982 redemptionis
1510 1911 1643 1982 aeteme,
1654 1923 1843 1986 quesumus,
1855 1904 2065 1987 proficiamus
2080 1927 2161 1990 aug-

1257 2011 1418 2066 mentum.
1465 2004 1550 2069 Pers

1591 2117 1653 2185 Ad
1663 2121 1828 2206 populum.

1301 2243 1580 2327 Deprecationem
1615 2257 1772 2327 nostram,
1797 2268 1986 2331 quesumus,
2018 2251 2161 2329 domine,

1256 2343 1418 2428 benignus
1441 2347 1574 2422 exaudi,
1595 2358 1628 2413 et
1649 2349 1769 2430 quibus
1791 2349 1999 2434 supplicandi
2021 2362 2161 2432 praestas

1256 2442 1422 2523 affectum,
1433 2446 1542 2511 tribue
1557 2446 1758 2512 defensionis
1773 2449 1946 2514 auxilium.
1980 2447 2043 2512 Per
2055 2450 2161 2514 domi-

1257 2563 1337 2606 num
1353 2554 1526 2610 nostrum*

1629 2824 1717 2898 linia
1738 2828 1790 2892 iii.¹

1341 2968 1403 3032 Ad
1420 2979 1568 3034 sancctum
1590 2970 1790 3037 laurentium
1813 2971 1848 3036 in
1869 2971 2068 3037 damascum.

1299 3093 1400 3160 Sacre
1423 3096 1526 3172 nobis,
1548 3117 1737 3180 quesumus,
1758 3099 1901 3174 domine,
1920 3095 2160 3162 obseruationis

1255 3193 1383 3271 ieiunia,
1415 3206 1449 3261 et
1486 3197 1541 3278 pie
1576 3198 1833 3262 conuersationis
1866 3207 2093 3281 augmentum,
2123 3203 2158 3258 et

1255 3303 1322 3358 tuae
1338 3295 1580 3378 propitiationis
1596 3299 1788 3362 continuum
1806 3308 1966 3383 praestent
1986 3295 2158 3362 auxilium.

1255 3392 1342 3458 Pers

1640 3495 1779 3562 Secreta.

1301 3619 1386 3685 Haec
1405 3617 1523 3700 hostia,
1538 3621 1681 3701 domine,
1697 3643 1884 3707 quesumus,
1900 3623 2058 3687 emundet
2081 3641 2157 3685 nos·

1254 3729 1307 3784 tra
1336 3719 1466 3800 delicta,
1493 3731 1527 3786 et
1557 3721 1751 3786 sacrificium
1781 3723 2015 3788 celebrandum
2046 3719 2157 3786 subdi·

1254 3827 1364 3883 torum
1386 3820 1447 3883 tibi
1469 3839 1607 3905 corpora
1630 3831 1826 3904 mentesque
1856 3823 2049 3887 sanctificet.
2095 3819 2158 3885 Per

1254 3918 1450 3985 dominumt

1618 4019 1791 4100 Proesatio.

1299 4143 1342 4209 U.
1367 4144 1410 4208 D.
1433 4153 1558 4209 aeteme
1582 4146 1673 4210 deus.
1719 4146 1782 4210 Per
1804 4147 2021 4211 mediatorem
2045 4145 2099 4212 dei
2122 4156 2156 4211 et

1252 4243 1425 4308 hominum
1452 4241 1580 4309 ihesum
1606 4245 1765 4311 christum
1794 4247 1966 4311 dominum
1996 4258 2155 4322 nostrum,

1253 4345 1319 4426 qui,
1352 4343 1521 4410 mediante
1545 4345 1600 4409 die
1629 4344 1723 4422 sesto,
1754 4348 1903 4412 ascendit
1933 4347 1966 4410 in
1992 4346 2156 4429 templum

1254 4443 1381 4521 docere,
1404 4444 1460 4527 qui
1483 4444 1527 4508 de
1550 4444 1631 4510 caelo
1654 4447 1833 4522 descendit,
1857 4447 2017 4511 mundum
2041 4446 2083 4509 ab
2107 4447 2156 4529 ig·

1254 4543 1414 4607 norantiae
1454 4544 1601 4609 tenebris
1641 4544 1788 4610 liberare.
1841 4544 1942 4610 Cuius
1978 4547 2155 4610 descensus

1252 4663 1359 4726 genus
1381 4642 1565 4707 humanum
1580 4645 1731 4710 doctrina
1750 4645 1887 4710 salutari
1909 4644 2049 4720 instruit,
2066 4665 2155 4708 mors

1253 4762 1273 4804 a
1296 4752 1456 4825 perpetua
1474 4753 1582 4808 morte
1604 4744 1753 4825 redemit,
1772 4745 1921 4810 ascensio
1944 4745 1988 4809 ad
2011 4743 2155 4808 caelestia

1253 4835 1355 4926 regna
1384 4844 1546 4926 perducit.
1592 4845 1655 4909 Per
1683 4866 1783 4928 quem
1816 4855 1860 4920 te,
1891 4865 2021 4910 summe
2051 4855 2154 4927 pater,

1253 4939 1427 5026 poscimus,
1455 4953 1492 5008 ut
1519 4946 1589 5008 eius
1619 4946 1826 5012 institutione
1856 4946 1975 5020 edocti,
2003 4945 2154 5010 salutaris

1252 5044 1460 5126 parsimoniae
1486 5044 1665 5109 deuotione
1691 5044 1862 5128 purificati,
1885 5045 1929 5109 ad
1956 5055 2015 5110 tua
2038 5065 2155 5128 perue-

1285 5235 1294 5264 ¹
1309 5235 1340 5286 0.
1353 5251 1377 5300 p.
1391 5233 1447 5298 306.
1459 5235 1486 5286 Z.

1283 5313 1330 5365 Ἀ.
1341 5312 1445 5372 Exaudi,
1455 5313 1525 5369 deus,
1533 5313 1678 5365 ontionem.

1251 5441 1254 5450 ,
1301 5405 1338 5443 ns
1353 5392 1526 5442 &nunnus

1301 5483 1326 5522 Β.
1341 5471 1447 5536 Exurge,
1460 5469 1527 5530 deus,
1542 5469 1583 5521 ier.

1301 5560 1327 5600 v.
1342 5549 1419 5607 Deus,
1431 5549 1532 5600 auribus
1543 5549 1642 5602 uostris.

1300 5639 1343 5680 or.
1359 5629 1506 5693 Ειροαιηι

1774 5325 1841 5366 00¹1.
1855 5314 2016 5367 laetabimur.

1776 5395 1846 5456 (uc.
1861 5393 1973 5444 Inonem
1982 5401 2021 5444 est
2036 5394 2154 5445 dominus

1856 5471 1890 5522 n'd
1900 5487 2010 5535 moyam.

1774 5559 1819 5600 nv.
1842 5549 1897 5600 lam
1920 5549 1961 5600 die
1986 5549 2052 5602 teuto
2075 5549 2152 5600 medi·

1857 5629 1935 5691 ante).
