5116 6608
427 601 501 674 300

425 784 608 856 illustramur,
622 783 661 844 ita
678 781 757 861 apud
771 793 799 844 te
814 783 845 843 in
859 791 959 859 eterno
974 792 1122 844 tantorum
1136 794 1327 863 patronorum

426 877 581 954 splendore
595 877 724 953 letemur.
766 876 822 937 Per
836 877 991 937 dominum
1005 888 1139 939 nostrum
1154 880 1277 939 ihesum.

817 1023 936 1088 Secreta.

465 1138 502 1196 ln
523 1136 588 1212 hac,
610 1138 739 1210 domine,
757 1149 926 1198 sanctorum
947 1148 1063 1197 tuorum
1081 1157 1239 1200 ruousrurr
1261 1156 1328 1197 suo-

424 1250 548 1310 rumque
576 1242 747 1292 consortum
776 1232 964 1292 translatione
1000 1233 1161 1310 splendida,
1189 1234 1327 1310 ipsomm,

425 1345 593 1404 quesumus,
603 1327 765 1404 patrocinio
776 1327 979 1404 complaceant
990 1336 1038 1402 tuq
1050 1327 1150 1404 pietati
1161 1326 1216 1402 bec
1228 1337 1329 1386 sancta

425 1421 571 1480 libamina.
614 1419 669 1480 Per
683 1420 837 1480 dominum
858 1429 999 1480 nostrum.

792 1579 955 1656 Prephait'o.

465 1698 504 1758 U.
518 1697 556 1758 D.
571 1707 678 1758 aeterne
694 1698 774 1758 deus.
799 1698 838 1758 Et
852 1700 882 1758 in
897 1697 951 1759 bac
966 1698 1043 1758 beati
1059 1697 1149 1776 patris
1171 1718 1328 1761 iuousrnrr

426 1811 605 1869 suorumque
639 1792 817 1870 collegarum
852 1793 1050 1870 predictorum
1084 1793 1272 1854 translatione
1300 1805 1328 1853 te
1372 1823 1375 1832 ·

425 1886 586 1946 mirabilem
605 1887 637 1945 in
657 1888 714 1946 tuis
735 1887 843 1946 sanctis
864 1886 1037 1958 collaudare,
1051 1887 1192 1964 quoniam
1215 1888 1329 1947 animas

426 1999 487 2041 non
510 1980 606 2040 solum
628 1990 728 2042 eterna
755 1981 846 2057 gloria
868 1999 1004 2053 coronas,
1026 1981 1079 2041 sed
1104 1991 1133 2040 et
1161 1982 1329 2058 corporales

425 2077 539 2135 cineres
560 2074 705 2134 salutifera
725 2075 816 2152 gratia
836 2075 976 2148 uiuificas,
990 2086 1019 2135 et
1039 2076 1105 2136 luce
1127 2075 1220 2150 future
1234 2093 1330 2136 resur·

425 2169 562 2229 rectionis
590 2169 722 2242 illustras,
750 2169 890 2247 ipsorum,
919 2188 1089 2246 quesumus,
1117 2188 1173 2230 nos
1202 2170 1329 2247 collegio

425 2263 558 2323 beatifica
573 2281 696 2340 quorum
712 2263 894 2324 celebramus
908 2263 1042 2323 beatifica
1056 2263 1139 2324 iesta.
1168 2263 1224 2323 Per
1239 2263 1328 2328 chris·

426 2366 489 2417 tum
502 2357 657 2417 dominum
671 2367 812 2417 nostrum.

764 2503 993 2562 Poriconrmumb.

468 2621 504 2680 1n
518 2623 704 2682 ueneratione
719 2624 810 2682 sancti
828 2623 918 2699 patris
940 2641 1097 2683 ruousrrur
1118 2624 1329 2700 beatorumque

426 2717 488 2776 eius
512 2717 668 2788 sociorum,
687 2733 854 2793 quesumus,
872 2717 1061 2792 omnipotens
1084 2717 1166 2790 deus,
1188 2728 1220 2777 ut
1241 2718 1328 2776 tantis

426 2812 556 2888 patronis
570 2829 625 2870 nos
639 2812 760 2889 iungant
774 2811 829 2887 hec
843 2821 945 2871 sancta
960 2830 1016 2890 que
1031 2814 1219 2889 sumpsimus.
1252 2811 1316 2871 Per.

1114 583 1345 660 mutto.
1372 582 1483 670 iffi&-
1510 582 1603 660 ttltt.

1380 784 1473 844 sancti
1495 784 1627 844 antistitis
1646 783 1687 844 tui
1701 802 1825 846 nouosn
1845 782 2021 861 gaudentem
2043 793 2157 861 praesta,
2171 801 2278 862 quesua

1380 896 1454 950 mus,
1468 888 1500 938 ut
1514 887 1543 936 et
1557 877 1766 937 conuenienter
1779 877 1834 953 hec
1849 895 1944 954 agere,
1953 887 1982 936 et
1996 878 2158 938 remedium
2173 877 2280 955 sempi-

1381 981 1496 1032 ternum
1509 969 1658 1032 ualeamus
1672 971 1832 1050 adquirere.
1875 970 1939 1030 Per.

1748 1133 1912 1210 Prephatr'o.

1422 1253 1459 1312 V.
1479 1252 1518 1312 D.
1540 1263 1648 1314 aeteme
1673 1253 1755 1314 deus.
1806 1252 1845 1312 Et
1868 1264 1948 1312 tuam
1972 1253 2156 1314 clementiam
2179 1255 2280 1332 pronis

1380 1348 1527 1409 mentibus
1537 1365 1665 1422 exorare,
1677 1359 1708 1407 ut
1721 1349 1797 1408 beati
1813 1349 2014 1426 archipresulis
2027 1369 2150 1410 uouorrr
2163 1352 2281 1424 meritis,

1380 1445 1489 1504 tribuas
1504 1445 1591 1504 nobis
1607 1453 1704 1518 eterne
1719 1443 1904 1502 beatitudinis
1923 1445 2113 1516 consortium,
2128 1455 2157 1504 et
2171 1462 2283 1504 merea·

1381 1557 1445 1598 mur
1473 1557 1541 1598 cum
1570 1555 1606 1599 eo
1634 1539 1773 1597 interesse
1798 1538 1953 1613 celestibus
1979 1539 2076 1598 eboris
2101 1538 2280 1617 angelorum.

1381 1633 1437 1693 Per
1450 1633 1588 1693 christum
1605 1631 1767 1692 dominum.

1715 1802 1945 1862 Posicornmunr'o.

1423 1921 1600 1995 Quesumus,
1615 1923 1804 1999 omnipotens
1819 1920 1900 1994 deus,
1914 1931 1946 1981 ut
1960 1939 2012 1999 per
2026 1922 2081 1998 bec
2096 1935 2281 1984 sacrosancta

1381 2017 1517 2094 mysteria
1539 2035 1596 2094 que
1618 2016 1804 2093 sumpsimus,
1823 2015 2019 2076 intercedente
2041 2018 2127 2078 beato
2149 2035 2281 2079 uouoruo

1382 2110 1549 2172 consessore
1574 2121 1625 2170 tuo
1650 2117 1737 2188 atque
1762 2110 1909 2187 pontifice,
1934 2122 2123 2188 peccatorum
2147 2113 2281 2173 omnium

1381 2206 1500 2265 ueniam
1514 2206 1655 2283 consequi
1670 2222 1843 2264 mereamur.
1884 2203 1949 2266 Per.

1604 2459 1653 2524 bt
1673 2459 1785 2525 tanais
1806 2459 1968 2538 nicolusius
1982 2459 2030 2523 ri.¹

1422 2606 1512 2679 Deus,
1526 2607 1576 2684 qui
1596 2605 1681 2666 nobis
1701 2617 1834 2665 sanctam
1850 2604 1936 2665 huius
1951 2605 2009 2665 diei
2028 2605 2230 2666 solennitatem
2249 2607 2280 2666 in

1381 2703 1570 2760 ueneratione
1590 2702 1741 2760 beatarum
1762 2701 1907 2777 uirginum
1928 2709 2145 2778 martyrumque
2166 2710 2280 2760 tuarum

1381 2795 1561 2866 concessisti,
1572 2794 1673 2855 adesto
1684 2794 1790 2868 familie
1801 2805 1848 2852 tue
1859 2794 2012 2871 precibus;
2029 2804 2058 2853 et
2070 2795 2107 2854 da
2117 2805 2149 2854 ut
2159 2813 2282 2873 quarum

1269 2957 1274 2965 ¹
1380 2890 1469 2950 hodie
1484 2890 1557 2949 festa
1570 2890 1760 2962 celebramus,
1774 2907 1875 2949 earum
1889 2889 1997 2948 meritis
2017 2901 2046 2948 et
2067 2889 2282 2952 intercessioni-

623 3005 730 3072 Suutti
750 3005 876 3083 mentori
897 3006 1128 3089 archiepiscopii

467 3137 558 3212 Deus,
580 3140 629 3218 qui
651 3139 805 3200 ecclesiam
826 3150 907 3201 tuam
930 3141 1098 3218 apostolicis
1119 3142 1236 3203 uoluisti
1257 3161 1329 3204 con-

428 3244 503 3294 stare
519 3235 665 3308 doctn'nis,
677 3235 807 3295 concede
821 3235 971 3313 propitius,
983 3247 1015 3296 ut
1030 3238 1238 3298 intercessione
1252 3239 1329 3298 beati

428 3347 579 3389 rurononr
600 3329 776 3390 confessoris
795 3329 837 3388 tui
860 3340 947 3406 atque
967 3333 1122 3408 pontilicis,
1141 3343 1171 3391 et
1192 3333 1329 3392 uirtutum

428 3443 544 3502 semper
568 3425 701 3503 proficiat
722 3426 918 3498 incrementis,
940 3437 969 3486 et
990 3429 1174 3506 sempiternis
1200 3429 1331 3510 foueatur

428 3519 549 3578 auxiliis.
591 3519 654 3579 Per.

821 3598 942 3662 Secreta.

470 3707 603 3784 Accepta
617 3705 653 3765 sit
667 3705 697 3765 in
713 3717 874 3784 conspectu
888 3717 948 3779 tuo,
965 3709 1093 3784 domiue,
1103 3709 1159 3784 bec
1173 3709 1292 3784 oblatio,
1302 3719 1331 3770 et

428 3799 490 3859 eius
505 3801 591 3860 nobis
602 3800 652 3860 liat
666 3800 877 3878 supplicatione
892 3802 1030 3876 salutaris,
1039 3821 1093 3880 pro
1108 3805 1190 3864 cuius
1204 3805 1331 3864 solenni-

427 3905 486 3955 tate
500 3894 634 3957 delertur.
677 3895 742 3955 Per.

798 3977 962 4054 Pupiam.

471 4091 610 4179 [Erased]
632 4141 639 4156 .
663 4141 670 4156 .
691 4095 821 4156 inherere
845 4098 990 4158 mandatis
1015 4111 1044 4159 et
1067 4119 1135 4160 cum
1148 4119 1194 4172 ¹eo
1219 4098 1333 4178 gaudiis

429 4191 537 4270 persrui
551 4191 743 4269 sempiternis.
785 4189 841 4250 Per
855 4191 1002 4254 christum.

765 4331 996 4394 postcommunio.

471 4452 610 4531 Sumptis,
638 4451 768 4522 domine,
792 4452 947 4527 celestibus
975 4452 1173 4526 sacramentis,
1202 4455 1333 4514 concede

428 4549 581 4627 propitius,
602 4557 635 4606 ut
654 4547 863 4607 intercessione
884 4547 962 4607 beati
982 4567 1135 4610 rmonoru
1156 4549 1333 4609 confessoris

429 4643 470 4702 tui
498 4652 586 4716 atque
610 4640 758 4719 pontificis
782 4641 821 4701 ab
845 4643 983 4702 omnibus
1005 4661 1121 4721 semper
1145 4654 1334 4722 protegamur

429 4735 568 4796 aduersis.
610 4735 676 4795 Per.

601 4913 651 4979 mi
670 4920 770 4981 sumtu
791 4913 908 4992 tutatio
929 4916 1135 5001 archiepiscope
1144 4921 1166 4984 ¹.

472 5047 569 5108 Sancti
595 5068 660 5123 nos,
682 5049 810 5122 domine,
832 5069 956 5113 uouonrr
984 5052 1161 5115 confessoris
1182 5053 1223 5114 tui
1245 5063 1332 5132 atque

430 5142 577 5221 pontificis
598 5143 733 5205 natalicia
752 5145 853 5205 uotiua
873 5145 1020 5221 letificent,
1041 5157 1071 5208 et
1091 5166 1144 5224 sue
1164 5167 1221 5210 nos
1242 5149 1333 5210 bene·

430 5237 505 5298 ficiis
521 5238 738 5301 intercessionis
751 5240 896 5301 attollant.
938 5242 1005 5302 Per.

821 5370 940 5434 Secreta.

473 5463 633 5527 Oilerimus
648 5469 708 5540 tibi,
720 5468 848 5542 domine,
858 5489 960 5548 preces
971 5482 1001 5532 et
1012 5490 1132 5533 munera
1145 5473 1333 5534 inhonorem

561 5626 570 5656 ¹
589 5626 645 5679 Fol.
657 5641 735 5679 raoa.
1024 5629 1199 5699 'Fol.123b.

1381 2985 1437 3044 bus
1451 2984 1630 3044 adiuuemur.
1673 2983 1737 3044 Per.

1768 3154 1888 3216 Secreta.

1421 3274 1570 3350 Prqsentia
1584 3293 1714 3348 munera,
1728 3292 1897 3353 quesumus,
1913 3276 2041 3346 domine,
2056 3294 2159 3336 serena
2175 3276 2283 3353 pietate

1381 3371 1501 3441 intuere,
1515 3376 1548 3428 ut
1565 3371 1657 3429 sancti
1673 3369 1789 3447 spiritus
1810 3369 2019 3447 perfundantur
2040 3369 2238 3442 benedicione,
2253 3383 2284 3430 et

1381 3466 1411 3523 in
1434 3464 1540 3524 nostris
1562 3465 1701 3524 cordibus
1723 3483 1790 3524 eam
1815 3464 2001 3525 dilectionem
2027 3464 2209 3536 confirment,
2231 3483 2283 3542 per

1382 3576 1472 3635 quam
1493 3568 1592 3618 sancte
1612 3559 1741 3634 uirgines
1761 3568 1791 3618 et
1804 3569 1944 3636 martyres
1964 3570 2013 3633 tue
2034 3558 2133 3617 omnia
2153 3559 2283 3638 corporis

1382 3662 1527 3712 tormenta
1541 3652 1719 3712 deuicerunt.
1762 3651 1825 3712 Per.

1717 3823 1943 3883 Posicommum'o.

1425 3943 1618 4021 Sumpsimus,
1630 3941 1758 4015 domine,
1770 3953 1936 4002 sanctarum
1951 3942 2097 4021 uirginum
2111 3953 2284 4020 martyrum·

1384 4057 1441 4117 que
1469 4048 1584 4096 tuarum
1608 4035 1783 4096 solennitate
1809 4045 1992 4096 sacramenta
2015 4037 2139 4111 celestia,
2161 4055 2284 4114 quaurm

1384 4132 1536 4210 suffragiis,
1565 4149 1733 4210 quesumus,
1761 4131 1892 4207 largiaris
1920 4141 1952 4189 ut
1979 4130 2061 4207 quod
2088 4131 2284 4209 temporaliter

1383 4227 1512 4305 gerimus
1527 4226 1633 4302 eternis
1647 4224 1760 4302 gaudiis
1774 4241 1996 4302 consequamur.
2039 4223 2103 4285 Per.

1535 4483 1577 4548 liu
1597 4483 1673 4549 usu
1694 4482 1789 4548 senui
1811 4482 1883 4546 iusti
1903 4481 2135 4565 semiepiscopi

1782 4626 1890 4688 Orairb.
1974 4657 1977 4664 ¹

1425 4710 1530 4772 Statuit
1543 4711 1578 4772 ei.

1424 4806 1473 4866 Da
1487 4808 1580 4878 nobis,
1595 4823 1763 4883 quesumus,
1779 4804 1907 4879 domine,
1921 4806 1999 4866 beati
2020 4824 2097 4866 rusm
2111 4803 2287 4865 confessoris

1383 4903 1425 4961 tui
1446 4913 1533 4979 atque
1553 4899 1699 4978 pontificis
1721 4917 1838 4978 semper
1857 4899 1986 4959 adiuuari
1999 4899 2116 4972 meritis,
2132 4909 2163 4960 ut
2176 4917 2287 4960 merea-

1383 5015 1448 5056 mur
1461 5013 1529 5056 cum
1543 5012 1580 5055 eo
1597 5003 1749 5055 consortes
1763 4994 1824 5054 fieri
1837 4993 1920 5072 regni
1933 4993 2053 5069 celestis
2097 4993 2160 5054 Per.

1775 5150 1895 5212 Secreto.

1424 5271 1607 5342 Intercessio,
1630 5287 1800 5349 quesumus,
1829 5270 1958 5342 domine,
1987 5272 2064 5330 beati
2089 5271 2222 5330 antistitis
2244 5271 2287 5330 tui

1382 5383 1460 5426 rusrr
1474 5364 1531 5442 hec
1546 5366 1598 5424 tibi
1611 5363 1799 5425 commendet
1813 5383 1943 5438 munera,
1957 5381 2012 5443 pro
2027 5365 2109 5424 cuius
2122 5374 2190 5425 sunt
2203 5381 2288 5424 com·

1383 5462 1596 5521 memoratione
1610 5460 1717 5520 oblata.
1759 5459 1823 5520 Per.

1514 5632 1523 5662 ¹
1538 5632 1595 5682 Fol.
1608 5643 1654 5697 ιη
1664 5647 1689 5682 a.
1982 5627 1993 5658 ⁸
2008 5627 2156 5692 Foi130b.
