5124 6608
440 607 485 684 52
1111 591 1168 670 wc
1194 590 1354 685 donnus
1380 591 1610 670 ueteranus.

445 786 495 854 ur
508 788 653 854 maturis
665 788 808 856 umatum
821 789 932 854 metatu
944 789 1062 863 uictum,
1078 793 1105 854 rt
1120 793 1254 854 aarum
1268 789 1339 856 trus
1352 791 1551 873 unpusituu,
1566 793 1640 874 quot
1653 790 1802 856 umidus
1817 804 1924 862 amus,
1940 793 1967 854 rt
1982 793 2055 872 quur
2069 789 2280 862 duorardus,

568 891 699 969 quotque
711 886 811 953 uirtus
825 891 906 953 stau
919 888 1054 952 nurum
1068 892 1096 951 rt
1112 890 1187 969 quur
1202 883 1240 972 [l]
1255 887 1342 953 runis
1356 887 1453 954 tuitus
1466 893 1553 971 uque
1566 886 1705 978 tuturis
1713 887 1825 968 siusuli
1837 901 1952 952 urum
1964 891 2159 952 numurutm.

869 1047 1008 1112 Bissena
1031 1048 1193 1111 mensium
1216 1043 1378 1132 uertigine
1400 1047 1545 1112 uoluitur
1565 1067 1680 1124 annus,

870 1133 1074 1217 Septimanis
1096 1135 1206 1199 decies
1228 1136 1336 1218 quinis
1358 1134 1457 1199 simul
1479 1144 1583 1216 atque
1604 1134 1746 1210 duabus,

868 1221 1084 1287 Tercentenis
1107 1221 1224 1305 bisque
1246 1222 1382 1304 trigenis
1400 1223 1547 1305 quinque
1569 1220 1695 1301 diebus,

869 1307 937 1391 Qui
959 1309 1060 1373 ternis
1082 1311 1207 1392 gaudet
1230 1310 1354 1373 diuisus
1375 1318 1463 1373 stare
1485 1307 1654 1388 columnis,

870 1395 1005 1461 Scilicet
1027 1395 1135 1460 idibus
1158 1405 1193 1462 et
1214 1397 1310 1460 nonis
1332 1395 1430 1460 simul
1451 1404 1554 1478 atque
1575 1394 1736 1471 kalendis,

867 1482 1025 1566 Namque
1047 1481 1181 1566 quadris
1202 1492 1356 1547 constant
1378 1482 1472 1546 nonis
1495 1501 1665 1548 occurrere
1688 1500 1820 1546 meuses

868 1569 1005 1648 Omnes,
1027 1579 1171 1653 excepto
1194 1579 1299 1634 marte
1321 1569 1419 1646 maio,
1442 1569 1591 1652 sequitur
1612 1589 1696 1652 quos

868 1656 972 1721 Iulius
993 1658 1165 1723 octember
1185 1658 1273 1721 senis
1295 1655 1367 1721 solu
1391 1657 1613 1732 moderantur,

867 1743 1023 1827 Septenis
1045 1753 1140 1828 patet
1160 1743 1223 1808 hos
1245 1745 1433 1827 pariterque
1454 1743 1595 1828 flagrare
1616 1742 1777 1819 kalendis,

867 1831 1007 1897 Octonis
1029 1851 1125 1914 pares
1148 1851 1278 1895 menses
1301 1840 1382 1895 sunt
1401 1831 1510 1894 idibus
1531 1850 1647 1895 omnes

869 1918 970 1982 Ianus
993 1928 1027 1982 et
1049 1927 1211 2001 augustus
1232 1937 1365 2000 semper
1386 1919 1572 2000 mensisque
1594 1915 1771 1982 december

865 1997 1053 2069 Voluuntur
1074 2005 1170 2069 denis
1192 2014 1324 2069 tanturn
1346 2005 1508 2088 nonisque
1530 2003 1690 2083 kalendis,

864 2091 917 2157 At
939 2102 1053 2157 contra
1075 2101 1208 2158 currunt
1230 2091 1281 2156 bis
1304 2091 1399 2155 nonis
1422 2093 1484 2156 rite
1505 2091 1665 2170 kalendis,

868 2178 992 2258 Iunius,
1014 2179 1144 2263 aprelis,
1166 2179 1363 2261 september,
1387 2187 1421 2243 et
1444 2178 1516 2261 ipse
1538 2178 1726 2255 nouember,

867 2265 1008 2331 Sedenis
1030 2265 1163 2331 februus
1185 2267 1252 2330 cito
1275 2265 1366 2329 solus
1387 2265 1431 2329 ab
1454 2265 1607 2330 omnibus
1623 2274 1719 2330 errat.

868 2352 1015 2418 BissenIs
1037 2353 1084 2417 sic
1107 2354 1173 2418 iam
1196 2362 1325 2418 rotatur
1346 2353 1514 2417 mensibus
1535 2372 1641 2417 annus

864 2439 927 2505 Per
949 2461 1053 2506 nonas
1076 2440 1215 2524 idusque
1237 2441 1413 2505 decurrens
1435 2450 1538 2524 atque
1558 2437 1719 2504 kalendis.

1113 2742 1231 2812 Uarus
1251 2748 1286 2810 ur
1306 2743 1435 2826 stamus
1454 2743 1614 2813 muudus.

864 2900 992 2968 Primus
1015 2923 1168 2969 romanas
1189 2903 1314 2984 ordiris,
1329 2905 1412 2983 iane,
1427 2903 1596 2983 kalendas,

908 2989 1041 3054 Februa
1064 2993 1171 3056 uicino
1193 3013 1308 3057 mense
1331 3012 1430 3056 numa
1454 2992 1614 3069 instituit3

865 3073 1006 3141 Martius
1028 3079 1155 3161 antiqui
1178 3079 1356 3161 primordia
1371 3079 1509 3162 protulit
1531 3079 1629 3156 anni;

906 3163 1110 3230 Foetiierunt
1133 3165 1272 3249 aprilem
1294 3167 1450 3231 uendicat
1471 3165 1560 3229 alma
1583 3183 1696 3229 uenus.

864 3248 1030 3316 Malorum
1052 3254 1177 3317 ducens
1198 3263 1331 3336 patrum
1353 3253 1396 3318 de
1418 3254 1553 3317 nomine
1577 3251 1692 3316 maius.

906 3337 1021 3402 Iunius
1043 3339 1151 3404 aetatis
1174 3341 1347 3422 proximus
1370 3350 1421 3405 est
1443 3339 1550 3405 titulo.

863 3422 1016 3490 caesareo
1038 3426 1172 3491 nomine
1193 3426 1366 3510 quintilem
1390 3428 1510 3491 mensis
1532 3427 1698 3510 adauget3

907 3510 1083 3596 Augustus
1106 3533 1227 3578 nomen
1249 3534 1427 3578 caesareum
1451 3514 1608 3597 sequitur.

860 3597 1070 3664 Autumnum
1086 3620 1187 3684 poma
1209 3609 1324 3665 natum
1346 3601 1534 3683 septembre
1548 3607 1693 3684 uegetas,

905 3685 1050 3752 Triticeo
1072 3689 1242 3753 octember
1263 3687 1396 3753 foenore
1418 3688 1493 3751 litat
1515 3707 1622 3770 agros.

864 3771 981 3837 Sidera
1003 3775 1180 3858 precipites
1202 3775 1402 3858 intempesta
1426 3773 1616 3850 nouember,

906 3859 1058 3926 Imbriier
1078 3872 1132 3927 ast
1154 3863 1277 3928 mensis
1299 3871 1371 3928 tum
1395 3861 1573 3926 december
1594 3859 1700 3925 adest.

469 4151 683 4237 aequumne
703 4156 830 4239 qualiter
849 4161 1007 4225 sumntum
1026 4162 1134 4226 sumini
1154 4163 1289 4228 triturati
1381 4161 1474 4227 illum
1501 4162 1591 4228 diem
1618 4163 1742 4245 inquo
1768 4160 1926 4226 terminus
1952 4160 2039 4227 illius
2068 4162 2146 4228 anni
2174 4159 2278 4238 luerit,

838 4255 934 4320 urbes.
1379 4251 1678 4334 precedentemque
1712 4269 1855 4314 sumens.
1909 4248 2070 4316 Similiter
2102 4251 2131 4314 si
2163 4250 2278 4316 embo-

529 4399 537 4415 .
1009 4403 1052 4420 ,‚
1379 4337 1494 4402 lismus
1523 4338 1628 4413 suerit,
1661 4350 1748 4401 mx.
1778 4336 1849 4401 dies
1877 4337 2073 4402 adcrescunt
2101 4357 2204 4419 usque
2232 4336 2276 4400 ad

471 4398 680 4482 Quemque
710 4401 891 4466 aduentum
927 4404 1053 4468 d⁰m¹¹¹¹
1082 4403 1247 4472 celebrare
1269 4409 1327 4472 de·
1379 4424 1481 4488 alium
1515 4424 1704 4490 terminum.
1759 4423 1942 4506 Incipiente
1977 4435 2091 4504 autem
2124 4437 2212 4490 ‚xnn
2243 4423 2275 4486 in

314 4509 317 4516 ’
428 4485 550 4551 siderat
583 4487 696 4552 uideat
733 4509 775 4553 ne
814 4497 892 4554 ante
929 4492 1045 4573 quinta
1075 4491 1235 4557 kalendas
1267 4495 1325 4558 de·
1379 4532 1492 4576 mense
1518 4513 1646 4595 aprelis,
1676 4521 1828 4594 epactam
1856 4510 1991 4575 minime
2020 4511 2159 4576 habebis
2185 4511 2274 4594 quod

427 4573 584 4650 cembres,
617 4587 677 4638 nec
707 4586 783 4657 [³0⁸t
812 4576 910 4640 tertia
940 4598 1043 4641 ΗΘΜ
1072 4580 1174 4662 ἰΙ)3ῙΠΒ
1204 4582 1326 4645 mensis
1377 4600 1513 4664 recedas
1543 4600 1586 4663 de
1616 4599 1695 4682 ipsis
1727 4596 1930 4681 regularibus
1960 4611 2085 4663 .xxxv.
2115 4618 2193 4662 uero
2222 4597 2277 4661 die

427 4668 592 4763 ῒῐὸῐὶξθᾷῒῐ
615 4662 674 4762 ⁸05¹
697 4661 730 4724 51¹
752 4661 803 4726 his
826 4673 959 4766 septqm·
978 4664 1104 4766 <li-ebus,
1126 4667 1326 4751 ubicumque
1378 4687 1499 4751 mensis
1529 4685 1649 4769 aprelis
1677 4685 1741 4750 hoc
1771 4694 1822 4748 est
1852 4704 1956 4750 nonas
1987 4685 2107 4768 aprelis
2139 4685 2276 4750 habebis

427 4747 610 4812 domrmcus
625 4749 696 4813 dres
718 4749 897 4830 aduenerrt,
914 4750 979 4816 rllrc
999 4772 1070 4818 srne
1085 4754 1187 4820 dubio
1202 4763 1236 4819 et
1254 4757 1325 4822 sine
1376 4773 1563 4838 terminum,

428 4853 535 4898 errore
550 4833 716 4900 celebrare
731 4836 866 4902 ualebit.
1583 4898 1593 4918 ,
1674 4889 1723 4954 m
1742 4891 1984 4956 mmmm·

1421 5021 1458 5088 Si
1483 5022 1534 5087 uis
1559 5021 1706 5087 inuenire
1728 5034 1965 5104 concurrentes,
1984 5025 2018 5089 in
2035 5035 2097 5091 ,1x.
2115 5023 2275 5088 kalendas

450 5095 664 5178 &numentum
683 5102 721 5163 ab
741 5099 894 5164 lemurum
913 5099 1116 5169 inurulrnbuur
1134 5105 1204 5172 eruit
1224 5108 1299 5174 luna
1376 5109 1497 5192 aprelis
1523 5111 1659 5192 require,
1689 5115 1723 5174 et
1752 5110 1786 5173 in
1811 5111 1900 5194 quali
1930 5112 2093 5182 seria.1x.
2116 5112 2274 5176 kalendas

815 5194 937 5279 pascha
1377 5198 1496 5279 aprelis
1508 5197 1683 5277 euenerint,
1695 5205 1747 5262 tot
1762 5209 1991 5264 concurrentes
2004 5197 2143 5264 habebis
2158 5199 2277 5264 eodem

472 5342 509 5408 Si
532 5343 582 5408 uis
603 5345 749 5411 inuenire
765 5356 886 5430 quotus
907 5350 1068 5416 terminus
1090 5354 1253 5437 paschalis
1272 5358 1324 5437 sit,
1376 5303 1473 5425 luno·

427 5439 504 5496 tene
533 5451 656 5496 annum
686 5452 896 5499 communem
919 5446 954 5503 et
980 5438 1222 5518 embolismum,
1247 5445 1324 5527 quia

426 5518 560 5600 quando
576 5521 759 5584 communis
773 5541 878 5587 annus
893 5533 952 5604 est,
964 5535 1044 5590 tunc
1056 5541 1118 5592 .ΧΙ.
1129 5529 1200 5593 dies
1221 5530 1323 5596 habe·
1419 5532 1466 5599 Et
1484 5534 1616 5618 qualem
1639 5535 1751 5600 lunam
1773 5536 1807 5601 in
1825 5549 1886 5603 .Χῐ.
1901 5536 2060 5602 kalendas
2082 5536 2202 5620 aprelis
2225 5536 2273 5602 in-

1730 5403 1780 5468 us
1801 5403 1920 5485 quus.

426 5604 478 5667 bis
499 5605 543 5669 de
566 5625 632 5670 uno
653 5609 795 5674 termino
816 5612 860 5675 ad
881 5608 991 5692 alium,
1014 5615 1172 5681 omittens
1194 5637 1324 5701 semper
1375 5623 1512 5701 ueneris,
1527 5623 1629 5688 talem
1645 5633 1798 5706 epactam
1812 5621 1951 5691 habebis
1966 5625 2085 5690 eodem
2099 5645 2196 5690 anno.
