5122 6610
583 572 628 645 lia
645 569 876 648 nouarum.

318 771 415 846 Quem
442 769 562 832 laudant
590 772 688 850 angeli
715 783 803 850 atque
830 765 1005 852 archangeli,
1034 773 1176 837 cherubin

278 885 391 945 quoque
412 875 440 926 et
461 865 607 943 seraphin,
628 885 686 944 que
709 884 771 927 non
792 876 908 928 cessant
928 869 1032 946 iugiter
1051 869 1176 930 clamare

276 979 333 1020 una
345 977 420 1021 uoce
434 959 572 1021 dicentes.

528 1123 653 1211 [fflisaa
667 1127 698 1191 ia
711 1125 922 1213 stibulatione}

313 1255 405 1328 Deus,
419 1254 471 1332 qui
484 1254 634 1316 tribulatos
648 1254 736 1316 corde
750 1257 849 1329 'sanas
864 1266 894 1318 et
907 1257 1097 1319 mestificatos
1107 1267 1175 1320 actu

276 1351 410 1425 laetificas,
421 1351 460 1410 ad
474 1350 550 1410 hanc
561 1351 705 1427 propitius
719 1350 846 1411 hostiam
868 1349 1023 1426 dignanter
1036 1353 1173 1426 adtende,

230 1461 232 1466 ·
275 1456 303 1504 et
315 1445 384 1523 quia
396 1461 449 1522 per
462 1461 529 1504 eam
545 1443 635 1504 totius
656 1444 758 1504 mundi
778 1445 895 1505 uoluisti
916 1445 1039 1506 relaxari
1060 1446 1173 1520 delicta,

275 1540 348 1600 hanc
362 1557 416 1618 pro
431 1537 615 1600 tribulatione
629 1550 730 1600 nostra
745 1540 902 1601 clementer
915 1559 1041 1614 assume,
1053 1553 1173 1604 cuncta·

276 1653 330 1713 que
350 1643 452 1695 nostra
472 1633 594 1694 crimina
614 1633 706 1706 solue,
727 1633 945 1694 tribulationem
965 1635 1071 1706 adime,
1086 1636 1173 1695 mise-

274 1732 330 1791 rias
352 1728 436 1808 pelle,
457 1729 607 1806 angustias
628 1739 657 1788 et
677 1747 826 1806 pressuras
847 1747 962 1802 amone,
984 1739 1015 1790 ut
1036 1730 1115 1788 exuti
1136 1730 1174 1789 ab

274 1825 409 1884 omnibus
422 1840 490 1901 quae
504 1823 631 1899 patimur
644 1823 737 1895 malis,
751 1823 782 1881 in
797 1824 854 1884 tuis
868 1841 984 1902 semper
997 1822 1175 1883 delectemur

274 1919 400 1980 exultare
415 1918 533 1980 deliciis.

633 1995 813 2084 [Prqsah'o]

313 2121 350 2182 U.
364 2121 402 2182 D.
419 2139 473 2198 per
489 2121 630 2181 christum
651 2121 804 2184 dominum
825 2130 965 2180 nostrum.
1008 2119 1065 2180 Per
1085 2138 1174 2198 quem

275 2228 310 2290 te,
330 2217 464 2278 inmense
485 2216 567 2287 deus,
588 2232 737 2293 rogamus,
758 2223 790 2274 ut
811 2213 1038 2292 supplicationes
1059 2223 1173 2274 nostras

275 2310 447 2390 propitiabili
476 2309 646 2386 dignatione
673 2309 845 2380 adtendens,
870 2309 908 2368 ad
936 2307 1014 2369 hanc
1042 2318 1173 2370 nostram

275 2405 434 2466 orationem
456 2421 546 2482 quam
567 2422 622 2484 pro
645 2404 796 2482 ereptione
821 2413 850 2462 et
873 2402 1052 2463 releuatione
1072 2413 1175 2464 nostra

276 2500 430 2571 offerimus,
445 2498 591 2575 benignus
609 2499 755 2577 respicias.
798 2497 863 2557 Iam
879 2515 943 2570 nos,
959 2495 1086 2571 domine,
1101 2515 1172 2574 que·

276 2611 381 2666 summ,
397 2592 533 2671 placabili
550 2593 632 2652 uultu
650 2591 779 2666 intende,
793 2599 824 2652 et
842 2601 891 2651 tua
906 2591 1044 2668 singulari
1061 2591 1173 2650 miseri·

276 2688 373 2750 cordia
386 2707 405 2748 a
419 2687 505 2748 nobis
519 2705 626 2748 amoue
642 2686 724 2765 quod
741 2685 843 2746 seuitia
861 2684 1005 2744 malorum
1023 2685 1173 2761 promittit,

276 2779 353 2858 quod
371 2779 556 2839 inimicorum
575 2778 703 2856 prauitas
717 2776 812 2850 infert,
827 2775 908 2853 quod
926 2791 1082 2853 prauorum
1102 2792 1173 2835 con·

276 2874 341 2934 siliis
360 2872 501 2949 alligatur,
515 2871 596 2950 quod
613 2889 650 2931 ex
669 2871 776 2932 iudicio
793 2870 934 2942 imminet,
948 2867 1030 2947 quod
1049 2887 1087 2929 ea
1106 2887 1173 2929 sen-

275 2969 364 3029 tentia
385 2966 505 3046 pendet,
530 2965 611 3043 quod
637 2965 855 3044 conspiratione
879 2962 1070 3035 machinatur,
1091 2963 1173 3040 quod

275 3063 459 3123 accusatione
480 3059 662 3136 contingitur,
677 3059 758 3138 quod
779 3069 888 3119 nostrae
908 3066 1056 3118 merentur
1068 3057 1173 3134 iniqui·

275 3166 355 3217 tates.
385 3155 458 3216 Non
468 3154 607 3214 iustitiam
617 3165 697 3214 tuam
709 3155 739 3212 in
749 3154 856 3213 nostris
866 3151 1012 3212 iniustitiis
1026 3169 1172 3224 exerceas,

275 3251 400 3321 domine,
415 3249 468 3310 sed
486 3248 585 3326 potius
604 3249 742 3326 pietatem
761 3256 842 3307 tuam
860 3247 892 3306 in
911 3246 1018 3307 nostris
1038 3245 1172 3323 iniquita·

275 3347 349 3406 tibus
358 3343 521 3405 manifesta.
561 3342 633 3403 Non
647 3361 703 3403 nos
717 3343 747 3401 in
761 3343 965 3420 persecutione
980 3339 1096 3414 deicias,
1110 3358 1172 3400 non

274 3443 302 3500 in
312 3439 496 3499 tribulatione
507 3438 663 3516 relinquas,
674 3437 727 3498 sed
737 3454 841 3496 exerce
851 3453 905 3513 per
915 3434 1062 3512 pietatem,
1072 3435 1171 3525 attolle

275 3553 307 3594 ac
325 3551 395 3611 rege
414 3551 467 3611 per
480 3531 719 3605 misericordiam,
733 3549 794 3610 quo
815 3549 868 3608 per
882 3541 910 3589 te
929 3530 968 3590 ab
986 3529 1172 3588 inimicorum

273 3627 371 3688 iaculis
381 3628 443 3699 tuti,
454 3627 492 3686 ab
503 3627 585 3686 omni
594 3625 777 3686 tribulatione
792 3624 927 3702 exempti,
940 3633 968 3683 te
979 3622 1068 3683 deum
1078 3641 1170 3683 unum

274 3726 302 3783 in
321 3722 447 3782 trinitate
471 3739 603 3782 consona
629 3737 703 3781 uoce
725 3719 888 3792 laudemus,
913 3737 981 3780 curn
1007 3718 1118 3796 angelis
1141 3728 1171 3778 et

273 3816 452 3895 archangelis
473 3816 513 3875 ita
534 3813 672 3887 dicentes,

1489 579 1652 674 &sebnia
1670 580 1866 668 aemtntts.
2057 603 2126 680 175

1270 791 1412 867 Sanctus,
1426 811 1562 866 sancrus,
1576 814 1710 858 sauctus.

1268 886 1377 960 Presta,
1393 887 1519 961 domine,
1534 908 1701 967 quesumus,
1716 901 1749 950 ut
1762 890 1882 952 terrenis
1904 891 2056 953 affectibus
2075 912 2126 954 ex-

1228 981 1308 1059 piati,
1322 980 1359 1041 ad
1374 984 1491 1059 superni
1506 983 1717 1061 plenitudinem
1732 985 1914 1056 sacramenti,
1927 987 2009 1046 cuius
2022 986 2125 1047 libaui-

1227 1093 1293 1136 mus
1307 1086 1416 1150 sancta,
1431 1077 1595 1138 tendamus.
1636 1076 1693 1138 Per
1707 1077 1860 1139 dominum
1869 1079 1887 1137 ¹.

1498 1397 1662 1484 [apruna
1676 1395 1856 1482 saranatis}

1265 1531 1420 1594 Memento
1442 1535 1508 1608 mei,
1524 1535 1652 1608 domine,
1668 1553 1770 1614 queso,
1792 1544 1820 1613 et
1840 1534 1986 1608 miserere,
2007 1544 2037 1596 et
2057 1535 2125 1597 licet

1224 1626 1288 1687 haec
1317 1639 1418 1688 sancta
1444 1629 1574 1706 indignae
1598 1629 1659 1701 tibi,
1687 1639 1786 1689 sancte
1814 1639 1896 1706 pater
1923 1628 2123 1708 omnipotens,

1224 1731 1332 1781 aeterne
1346 1722 1428 1795 deus,
1442 1723 1515 1783 meis
1529 1724 1664 1784 manibus
1677 1723 1837 1783 offerantur
1851 1723 1990 1784 sacrificia
2004 1725 2054 1802 qui
2068 1743 2124 1785 nec

1224 1816 1361 1875 inuocare
1382 1827 1515 1877 sanctum
1538 1835 1573 1877 ac
1594 1818 1760 1878 uenerabile
1781 1834 1891 1877 nomen
1911 1828 1993 1877 tumn
2015 1817 2123 1895 dignus

1225 1927 1291 1969 sum
1302 1931 1310 1984 ;
1332 1910 1384 1970 sed
1394 1912 1534 1988 quoniam
1544 1912 1575 1970 in
1585 1910 1708 1984 honore,
1719 1910 1814 1983 laude,
1826 1920 1854 1972 et
1864 1912 2006 1972 memoria
2015 1912 2123 1990 glorio-

1224 2004 1330 2064 sissimi
1352 2015 1382 2066 et
1406 2005 1502 2066 dilecti
1526 2005 1575 2064 filii
1597 2007 1639 2065 tui
1661 2005 1774 2065 domini
1798 2005 1890 2065 nostri
1912 2005 1995 2066 ihesu
2024 2006 2123 2068 christi

1224 2098 1394 2173 offeruntur,
1409 2101 1483 2160 sicut
1496 2101 1649 2160 incensum
1663 2099 1693 2158 in
1708 2109 1869 2176 conspectu
1886 2099 1992 2160 diuinae
2009 2119 2125 2178 mages-

1225 2194 1291 2254 tatis
1315 2205 1374 2254 tuae
1398 2212 1466 2255 cum
1487 2193 1579 2255 odore
1600 2193 1750 2254 suauitatis
1771 2193 1954 2254 accendatur.
1995 2193 2052 2254 Per
2069 2195 2124 2256 do-

1225 2287 1366 2349 minum’.

1265 2381 1429 2457 Memento,
1450 2382 1578 2456 domine,
1604 2381 1787 2454 famulorum,
1809 2380 2040 2460 famularumque
2061 2393 2123 2444 tua·

1224 2495 1298 2550 rum,
1313 2487 1342 2537 et
1355 2478 1489 2538 omnium
1503 2479 1598 2555 quiin
1615 2477 1788 2538 sublimitate
1809 2487 1886 2549 sunt,
1900 2487 1932 2536 ut
1946 2477 2074 2554 quietam
2095 2488 2126 2539 et

1224 2571 1405 2650 tranquillam
1420 2570 1522 2634 infide
1536 2583 1586 2632 tua
1599 2573 1690 2632 uitam
1708 2581 1806 2648 agant,
1818 2581 1847 2630 et
1860 2571 2038 2649 quicumque
2052 2571 2126 2632 mihi

1224 2667 1485 2744 consanguinitate,
1507 2667 1556 2726 uei
1583 2665 1773 2725 familiaritate
1803 2666 1892 2725 iuncti
1914 2674 1990 2737 sunt,
2010 2676 2040 2726 et
2061 2667 2124 2743 qui-

1224 2779 1350 2838 cumque
1370 2760 1442 2819 mihi
1455 2760 1574 2838 aliquod
1589 2760 1713 2820 caritatis
1733 2760 1781 2819 uel
1801 2759 1916 2837 pietatis
1933 2759 2063 2819 officium
2077 2761 2123 2819 in-

1223 2855 1396 2932 penderunt,
1419 2855 1515 2931 etqui
1535 2854 1595 2914 mei
1615 2853 1789 2913 memoriam
1808 2854 1839 2912 in
1860 2854 2041 2914 orationibus
2063 2855 2123 2914 suis

1223 2948 1340 3021 habent,
1354 2949 1448 3026 etqui
1462 2967 1494 3008 se
1508 2947 1637 3025 indignis
1650 2948 1786 3026 precibus
1800 2947 1874 3007 meis
1895 2948 2123 3009 commendaue-

1222 3052 1298 3115 runt,
1312 3043 1537 3120 quibuscunque
1557 3042 1655 3120 aliquo
1674 3039 1827 3102 obstaculo
1848 3042 1895 3101 uel
1917 3041 2057 3102 scandalo
2072 3042 2123 3114 fui,

1222 3146 1252 3198 et
1275 3138 1452 3215 quicumque
1472 3136 1543 3196 mihi
1567 3135 1676 3212 aliquid
1700 3135 1882 3195 aduersitatis
1906 3136 2071 3210 intulerunt,
2093 3147 2122 3197 et

1223 3231 1356 3292 omnium
1367 3231 1630 3308 congregationum
1643 3227 1856 3289 monachorum
1870 3238 1899 3289 et
1911 3231 2122 3291 canonicorum

1222 3325 1487 3386 sanctimonialium
1501 3342 1627 3403 quorum
1640 3323 1762 3384 nomina
1775 3333 1803 3382 et
1818 3340 1972 3383 numerum
1985 3334 2018 3384 tu
2031 3325 2121 3398 solus,

1222 3419 1295 3482 deus
1316 3419 1513 3498 omnipotens,
1531 3419 1676 3498 agnoscis,
1695 3427 1724 3477 et
1745 3419 1878 3476 omnium
1897 3419 2122 3482 circumadstan-

1221 3514 1295 3574 tium
1304 3514 1323 3574 ³.

1253 3732 1262 3762 ¹
1279 3732 1312 3782 V.
1324 3747 1349 3798 p.
1363 3746 1417 3796 ²04·
1776 3727 1787 3756 ¹
1804 3729 1878 3779 Mart.
1890 3730 1905 3780 i.
1919 3745 1944 3794 p.
1959 3742 2013 3795 197.

1253 3811 1263 3842 ⁸
1279 3810 1334 3860 The
1346 3809 1447 3862 Collect
1457 3809 1547 3860 breaks
1558 3807 1660 3859 enuere
1671 3807 1788 3873 abruptly
1799 3817 1825 3858 at
1837 3808 1879 3858 the
1891 3809 1938 3859 end
1950 3809 1979 3858 oi
1987 3809 2031 3860 iol.
2046 3813 2121 3864 arrb.
