5116 6608
426 589 494 660 268
638 588 685 675 ᾖ.
705 591 850 676 altaria.
903 592 973 686 itta
993 596 1101 668 amita.

423 791 505 850 cibus
532 788 709 863 adiuuemur,
731 809 786 870 pro
817 793 900 852 cuius
928 792 1119 854 sollemnitate
1145 791 1321 874 (offerimus)

422 903 545 946 munera
557 883 684 966 (nostra)
698 897 748 946 tua
761 897 863 946 sancta
876 886 1007 962 letantes.
1049 888 1113 947 Per.

747 1059 800 1118 Ad
809 1060 1002 1135 complendum.

464 1179 652 1239 Sacramenta
686 1177 786 1238 salutis
821 1190 919 1254 nostre
954 1179 1146 1258 suscipientes
1182 1182 1322 1255 concede,

421 1291 591 1350 quesumus,
615 1273 780 1332 misericors
802 1273 883 1344 deus,
905 1285 937 1334 ut
959 1274 1038 1333 beati
1065 1273 1115 1334 .N.
1135 1293 1190 1335 nos
1214 1277 1322 1352 ubique

421 1371 514 1430 oratio
535 1369 660 1442 adiuuet,
675 1369 706 1428 in
725 1371 807 1429 cuius
827 1371 1014 1431 ueneratione
1029 1370 1086 1445 heo
1101 1381 1148 1446 tue
1163 1372 1322 1449 optulimus

421 1465 574 1526 maiestati.

459 1671 528 1738 ΜΕ.
544 1674 582 1736 tlt.
596 1673 761 1738 btrmtbtta.
796 1669 967 1756 [OEtnrmtla
982 1688 1008 1736 a.
1022 1673 1118 1736 maria
1131 1669 1282 1756 uirginis}

459 1818 550 1892 Deus,
573 1820 623 1898 qui
648 1819 732 1894 beate
758 1820 849 1894 marie
874 1819 995 1897 uirginis
1019 1819 1246 1896 conceptionem
1269 1839 1322 1879 an-

418 1915 514 1993 gelico
528 1915 666 1974 uaticinio
683 1913 852 1991 parentibus
874 1913 1031 1992 predixisti,
1047 1923 1145 1990 presta
1166 1913 1233 1973 huic
1255 1932 1322 1991 pre-

418 2011 493 2071 senti
522 2010 629 2085 familie
659 2019 709 2084 tue
737 2011 799 2069 eius
827 2009 960 2088 presidiis
991 2010 1106 2080 muniri,
1138 2011 1220 2070 cuius
1249 2030 1321 2071 con·

418 2107 562 2184 'captionis
578 2125 661 2167 sacra
675 2106 817 2168 solemnia
837 2124 968 2183 congrua
982 2105 1214 2183 frequentatione
1229 2127 1321 2168 uene·

417 2212 504 2261 ratur.
546 2201 611 2260 Per.

809 2281 928 2342 Secreta.

459 2405 623 2476 Sanctifica,
634 2404 763 2477 domine,
775 2405 903 2463 muneris
918 2403 1013 2462 oblati
1028 2403 1177 2476 libamina,
1191 2415 1221 2464 et
1234 2406 1320 2480 beate

417 2500 464 2560 dei
479 2500 626 2578 genitricis
646 2499 833 2559 saluberrima
846 2499 1060 2559 interuentione
1076 2499 1162 2560 nobis
1184 2500 1320 2560 salutaria

417 2595 480 2655 fore
497 2594 638 2656 concede.
680 2593 744 2654 Per.

741 2765 793 2825 Ad
803 2765 994 2842 complendum.

458 2886 575 2964 Repleti
600 2885 736 2946 uitalibus
761 2885 915 2956 alimoniis,
942 2896 973 2945 et
998 2883 1104 2944 diuinis
1132 2884 1231 2945 refecti
1257 2903 1318 2961 my·

417 2982 519 3054 steriis,
548 2980 695 3059 supplices
722 2998 871 3059 rogamus,
903 2980 1090 3056 omnipotens
1124 2979 1205 3053 deus,
1233 2979 1319 3054 beate

415 3078 506 3153 marie
520 3095 636 3154 semper
648 3077 777 3154 uirginis,
793 3076 875 3135 cuius
890 3075 1090 3135 uenerandam
1108 3075 1232 3135 colimus
1248 3094 1318 3135 con·

416 3172 592 3249 ceptionem,
623 3171 673 3249 pia
700 3171 912 3231 interuentione
940 3188 959 3229 a
989 3167 1158 3246 squalorum
1186 3169 1246 3230 erui
1274 3171 1318 3230 in-

415 3267 546 3326 manium
567 3266 778 3326 dominatione.
820 3264 885 3326 Per.

537 3492 649 3568 imissa
661 3511 713 3576 pru
727 3493 816 3557 amita
831 3493 867 3556 ab
882 3492 1059 3557 nummariis
1075 3491 1191 3556 sumn.

456 3638 653 3719 Omnipotens
673 3641 847 3717 sempiterne
869 3640 949 3713 deus,
972 3638 1077 3699 exaudi
1099 3655 1163 3709 nos,
1184 3648 1212 3698 et
1231 3635 1317 3696 mise·

413 3753 476 3794 rere
488 3733 571 3815 (mei)
583 3734 693 3794 famulo
703 3746 754 3794 tuo
767 3732 876 3814 (illius),
888 3732 1027 3811 quoniam
1038 3729 1264 3810 tribulatur(or);
1278 3741 1316 3804 et,

414 3829 611 3888 intercedente
639 3830 724 3888 beata
753 3829 800 3888 dei
831 3828 969 3904 genitrice
1002 3826 1093 3886 maria
1122 3826 1316 3903 omnibusque

414 3923 523 3982 sanetis
537 3922 601 3994 tuis,
617 3923 706 3982 libera
720 3941 789 3982 eum
802 3919 886 4001 (me),
901 3931 930 3980 et
952 3922 1031 3998 eripe
1052 3920 1088 3980 de
1110 3920 1245 3979 manibus
1262 3920 1316 3979 ini·

414 4017 557 4076 micorum
584 4017 647 4076 eius
675 4014 842 4096 (meorum),
871 4027 899 4076 et
930 4034 948 4075 a
978 4015 1219 4093 persequentibus
1247 4033 1314 4074 eum

414 4109 487 4190 (me)
497 4130 506 4184 ;
524 4121 553 4170 et
574 4120 678 4189 presta,
696 4128 863 4188 quesumus,
885 4110 1046 4169 secundum
1068 4125 1205 4184 magnam
1227 4110 1314 4168 mise-

414 4206 568 4266 ricordiam
595 4215 684 4275 tuam,
705 4215 738 4264 ut
765 4206 814 4283 qui
839 4214 867 4264 te
892 4200 1075 4282 inuocat(co)
1105 4220 1166 4261 non
1191 4201 1314 4262 confun-

413 4297 584 4379 datur(dar),
606 4300 658 4359 sed
678 4309 727 4358 tua
746 4301 841 4376 magis
862 4316 979 4376 semper
1000 4296 1184 4375 protectione
1201 4297 1315 4356 munia·

413 4405 459 4455 tur
472 4394 589 4474 (muniri
604 4390 738 4472 merear).
780 4392 844 4453 Per.

807 4560 926 4622 Secreta.

454 4683 531 4744 Haec
553 4681 649 4762 (milri)
676 4683 762 4742 nobis
793 4681 972 4753 communio,
997 4681 1125 4753 domine,
1151 4680 1188 4741 ad
1209 4699 1315 4759 purga-

412 4779 532 4850 tionem,
555 4788 592 4850 et,
616 4776 811 4836 intercedente
835 4777 921 4835 beata
948 4794 1065 4852 semper
1086 4775 1198 4852 uirgine
1222 4776 1314 4834 maria

412 4873 607 4950 omnibusque
628 4871 743 4941 sanctis,
766 4871 890 4930 inimicis
910 4867 1009 4948 (meis)
1032 4869 1131 4929 famuli
1152 4870 1193 4928 tui
1213 4868 1314 4949 (illius)

332 5007 338 5018 .
412 4967 555 5044 prosit'ad
572 4965 816 5035 emendationem,
830 4974 863 5023 ut
881 4975 910 5023 et
929 4964 969 5023 illi
986 4962 1024 5023 ad
1045 4965 1194 5023 caritatem
1215 4962 1332 5023 frater··

412 5079 481 5120 nam
495 5059 623 5132 redeant,
637 5070 666 5119 et
680 5077 731 5118 cor
746 5058 870 5138 (meum)
885 5057 984 5118 famuli
998 5059 1039 5118 tui
1055 5057 1092 5118 de
1109 5057 1313 5118 consolatione

411 5165 462 5215 tua
474 5155 609 5232 gaudeat.
653 5153 717 5213 Per.

749 5325 978 5386 Poslcommumit.

452 5447 561 5519 Presta,
582 5464 750 5525 quesumus,
778 5448 966 5524 omnipotens
994 5445 1075 5516 deus,
1097 5454 1129 5504 ut
1152 5445 1203 5522 qui
1228 5445 1312 5505 malis

412 5539 494 5620 (mei)
510 5541 608 5601 famuli
619 5541 659 5600 tui
671 5538 771 5620 (illius)
785 5549 814 5600 et
828 5541 943 5600 casibus
957 5541 1108 5600 contrariis
1121 5539 1310 5616 gratulantur,

410 5636 497 5698 beata
507 5635 555 5696 dei
569 5635 708 5713 genitrice
722 5635 812 5694 maria
826 5634 1032 5710 intercedente,
1042 5634 1178 5695 cordibus
1192 5635 1309 5696 erubes-

1536 593 1622 681 ἐξ.
1644 595 1809 682 aarum
1826 568 1979 683 aaran,
1995 597 2106 690 aaa.
2128 689 2134 704 ,

1375 803 1451 865 cant,
1476 803 1506 854 et
1529 795 1654 856 uultibus
1682 807 1876 868 reuereantur,
1901 767 2053 875 simulque
2075 797 2143 858 uicti
2172 807 2274 859 retror-

1374 907 1440 948 sum
1461 901 1686 964 conserantur,
1707 889 1812 968 illeque
1833 895 1961 969 (egoque
1983 891 2109 951 famulus
2129 889 2207 971 tuus)
2222 904 2273 954 tuo
2365 967 2375 986 ι

1374 983 1481 1042 auxilio
1511 984 1542 1042 in
1571 983 1664 1043 oculis
1688 983 1803 1044 illorum
1828 987 1869 1048 sic
1894 985 2124 1066 consoletur(lari
2148 984 2273 1064 merear)

1373 1087 1404 1136 ut
1426 1078 1463 1137 de
1487 1077 1683 1153 misericordie
1705 1089 1753 1153 tue
1777 1078 1860 1139 dono
1884 1078 2108 1159 gratuletur(lari
2133 1078 2272 1158 ueniam).

1373 1170 1437 1232 Per.

1633 1313 1768 1380 &maban
1782 1317 1877 1381 sanni
1892 1318 2020 1382 martini.

1764 1461 1891 1522 Collecta.

1414 1553 1562 1626 Concede,
1591 1574 1759 1633 quesumus,
1791 1559 1980 1634 omnipotens
2015 1559 2097 1630 deus,
2125 1567 2156 1618 ut
2191 1560 2267 1640 beati

1374 1650 1488 1708 martini
1516 1649 1692 1710 confessoris
1719 1651 1761 1708 tui
1791 1661 1878 1728 atque
1914 1653 2062 1729 pontificis
2092 1653 2271 1731 frequentata

1373 1743 1572 1820 sollempnitas
1582 1745 1620 1803 ad
1634 1755 1803 1822 perpetuam
1815 1746 1928 1822 populo
1940 1756 1991 1804 tuo
2003 1747 2129 1824 profitiat
2139 1747 2270 1819 salutem,

1372 1847 1401 1896 et
1415 1857 1503 1916 quem
1525 1838 1622 1915 sepius
1637 1857 1810 1899 ueneramur
1824 1841 1854 1899 in
1875 1841 1957 1900 terris
1979 1859 2095 1919 semper
2110 1841 2269 1902 habeamus

1351 2003 1356 2015 .
1372 1942 1528 2008 patronum
1542 1931 1572 1991 in
1587 1933 1665 2007 celis.
1708 1933 1772 1993 Per.

1765 2105 1885 2166 Secreta.

1413 2222 1479 2283 Hec
1494 2224 1612 2297 oblatio,
1627 2225 1753 2297 domine,
1769 2243 1935 2302 quesumus,
1951 2245 2041 2304 quam
2056 2228 2156 2288 iterata
2174 2230 2266 2289 sancti

1372 2316 1547 2378 confessoris
1569 2320 1609 2378 tui
1629 2321 1744 2378 martini
1767 2319 1919 2380 festiuitate
1938 2332 1987 2381 tue
2008 2323 2153 2382 maiestati
2172 2324 2269 2388 otieri-

1371 2430 1445 2483 mus,
1461 2414 1546 2473 nobis
1558 2416 1649 2491 prosit
1662 2415 1700 2474 ad
1714 2415 1933 2492 indulgentiam,
1946 2427 1977 2475 ut
1987 2433 2039 2493 per
2053 2434 2119 2475 eam
2133 2420 2268 2479 anostris

1371 2507 1523 2567 liberemur
1551 2510 1686 2587 peccatis,
1718 2521 1747 2569 et
1778 2511 1867 2570 sacris
1896 2510 2032 2569 altaribus
2066 2521 2159 2570 astare
2188 2512 2267 2591 digni

1371 2601 1529 2661 effitiamur.
1573 2603 1636 2662 Per.

1705 2699 1934 2759 Posfcommum'o.

1411 2817 1605 2890 Sacramenta,
1635 2818 1762 2890 domine,
1793 2837 1961 2897 quesumus,
1990 2839 2047 2898 que
2082 2823 2268 2899 sumpsimus,

1368 2912 1457 2971 beato
1484 2914 1609 2972 martino
1633 2912 1802 2974 confessore
1824 2924 1876 2974 tuo
1901 2915 2105 2988 intercedente,
2125 2919 2163 2976 ab
2185 2919 2267 2977 omni

1369 3024 1425 3066 nos
1439 3007 1611 3066 aduersitate
1626 3007 1792 3078 defendant,
1809 3018 1838 3068 et
1852 3020 1993 3085 perpetua
2007 3011 2199 3088 prosperitate
2213 3013 2266 3072 tibi

1369 3099 1426 3160 deo
1440 3101 1494 3160 soli
1509 3103 1615 3161 seruire
1630 3103 1802 3162 concedant.
1846 3101 1909 3162 Per.

1619 3345 1768 3432 [meabas
1781 3347 1875 3412 sancti
1889 3345 2022 3432 anatra}

1410 3487 1574 3574 [P]rotegat
1601 3512 1666 3566 nos,
1686 3494 1815 3568 domine,
1836 3496 1935 3572 sepius
1960 3496 2038 3556 beati
2062 3495 2170 3573 andree
2195 3515 2267 3575 apo-

1368 3587 1433 3646 stoli
1455 3588 1574 3665 repetita
1596 3589 1784 3660 sollemnitas,
1798 3599 1829 3648 ut
1850 3589 1935 3650 cuius
1957 3592 2118 3667 patrocinia
2140 3596 2202 3652 sine
2222 3593 2266 3651 in·

1368 3682 1550 3742 termissione
1579 3684 1743 3756 recolimus,
1768 3695 1940 3762 perpetuam
1970 3685 2171 3746 defensionem
2199 3705 2266 3748 sen·

1367 3775 1480 3836 tiamus.
1523 3775 1586 3836 Per.

1745 3855 1893 3943 [Secreta]

1408 3971 1652 4060 [l]ndulgentiam
1673 3979 1767 4052 nobis,
1782 3997 1951 4057 quesumus,
1973 3981 2102 4054 domine,
2124 3985 2265 4060 prebeant

1366 4070 1420 4147 hec
1448 4089 1570 4132 munera
1596 4073 1758 4150 largiorem,
1786 4092 1844 4151 que
1871 4074 1922 4132 tibi
1951 4076 2125 4136 uenerabilis
2155 4077 2263 4153 andree

1367 4167 1511 4244 suffragiis
1531 4167 1699 4229 offeruntur.
1742 4168 1806 4228 Per.

1693 4335 1950 4422 [Postcontmumit].

1408 4453 1563 4542 [A]diuuet
1583 4459 1721 4519 familiam
1742 4469 1822 4519 tuam
1844 4460 1902 4534 tibi,
1923 4459 2050 4531 domine,
2072 4461 2264 4540 supplicando

1366 4553 1468 4638 beatus
1482 4555 1606 4614 andreas
1621 4555 1780 4632 apostolus,
1795 4565 1824 4615 et
1838 4557 1903 4632 pius
1924 4557 2104 4616 interuentor
2117 4557 2265 4631 efficiatur,

1367 4649 1418 4726 qui
1431 4649 1472 4708 tui
1486 4649 1614 4709 nominis
1628 4649 1720 4709 extitit
1734 4650 1904 4727 predicator.
1947 4649 2012 4710 Per.

1643 4905 1771 4994 [Natali
1785 4915 1883 4975 sande
1896 4906 1991 4993 fistal

1407 5052 1525 5139 [D]eus,
1554 5058 1604 5136 qui
1631 5067 1797 5136 presentem
1826 5057 1905 5116 diem
1937 5058 2023 5132 beate
2052 5058 2117 5118 fidis
2145 5060 2265 5138 uirginis

1365 5153 1495 5228 martyris
1516 5151 1587 5211 facis
1608 5169 1673 5212 esse
1694 5151 1866 5224 solemnem,
1892 5162 1991 5229 presta
2012 5151 2133 5227 ecclesie
2155 5164 2212 5229 tue,
2233 5166 2267 5216 ut

1365 5247 1447 5306 cuius
1460 5247 1569 5306 meritis
1581 5245 1728 5325 gloriatur,
1743 5246 1805 5306 eius
1820 5246 1955 5324 precibus
1970 5245 2130 5306 adiuuetur.
2172 5247 2235 5308 Per.

1742 5411 1888 5498 [Secreral

1405 5532 1563 5620 [S]uscipe,
1583 5536 1712 5608 domine,
1733 5554 1835 5612 preces
1858 5547 1888 5596 et
1912 5536 2023 5598 hostias
2045 5539 2154 5599 meritis
2177 5541 2263 5615 beate

1363 5631 1428 5693 fidis
1450 5633 1570 5712 uirginis
1594 5641 1624 5692 et
1645 5632 1779 5711 martyris
1802 5632 1854 5691 tibi
1876 5631 2004 5706 dicatam
2026 5642 2056 5692 et
2078 5634 2209 5695 concede
2230 5644 2263 5694 ut
