5116 6608
446 580 516 672 258

753 572 935 652 sumntum
957 572 1024 650 alst.
1102 675 1105 679 ι

441 783 548 843 habeat
568 778 750 859 ingrediendi
773 778 882 850 locum,
910 777 962 844 sed
987 775 1089 836 saluati
1111 773 1212 834 famuli
1235 772 1277 833 tui
1302 771 1339 832 ab

441 878 487 938 his
508 876 645 938 omnibus
664 874 747 934 malis
764 872 889 934 referant
906 871 1011 931 honori
1025 881 1077 930 tuo
1098 869 1200 929 laudes
1221 869 1252 926 in
1273 885 1340 946 per·

440 981 562 1050 petuam
589 969 787 1046 sempiternas,
813 978 842 1027 et
869 966 961 1027 sciant
985 965 1054 1042 quia
1077 976 1109 1024 tu
1135 981 1168 1024 es
1191 962 1272 1035 deus,
1298 963 1341 1021 in-

441 1065 609 1144 separabilis
636 1063 755 1136 trinitas,
776 1080 903 1141 regnans
924 1062 954 1120 in
976 1060 1082 1122 secula.
1124 1058 1180 1119 Per
1200 1056 1341 1117 christum

441 1160 595 1220 dominum
616 1169 757 1220 nostrum.

765 1345 810 1405 Et
819 1353 885 1405 tunc
898 1346 1016 1417 ds'catur,

481 1467 539 1528 Per
559 1485 648 1546 quem
668 1467 724 1542 hec
745 1467 852 1541 omnia,
875 1466 1003 1537 domine,
1026 1483 1142 1542 semper
1160 1465 1240 1523 bona
1259 1479 1341 1522 creas

447 1573 475 1628 ÷
493 1563 641 1623 santificas
658 1571 686 1627 ÷
703 1562 833 1623 uiuificas
851 1573 878 1629 ÷
896 1560 1054 1630 benedicis,
1070 1571 1099 1619 et
1119 1559 1205 1618 nobis
1226 1557 1341 1616 famulis

440 1658 497 1718 tuis
511 1656 626 1736 largiter
637 1667 756 1735 prestas,
765 1657 802 1716 ad
817 1666 1006 1732 augmentum
1021 1655 1088 1714 fidei
1098 1664 1128 1713 et
1138 1653 1340 1713 remissionem

442 1753 576 1812 omnium
596 1763 794 1829 peccatorum,
817 1745 873 1834 [e]t
894 1749 1010 1810 esttibi
1031 1750 1089 1809 deo
1109 1749 1183 1826 patri
1204 1747 1340 1824 omnipo·

441 1847 523 1919 tenti,
544 1866 580 1906 ex
598 1847 673 1925 ipso,
695 1858 725 1907 et
745 1866 797 1925 per
813 1847 918 1923 ipsum,
933 1855 962 1904 et
982 1846 1013 1904 in
1034 1845 1099 1921 ipso
1120 1843 1217 1902 omnis
1237 1841 1340 1913 honor,

441 1941 540 2016 ttirtus,
555 1941 627 2015 laus,
641 1941 740 2020 gloria,
756 1941 918 2019 imperium,
933 1939 1120 2017 perpetuitas,
1135 1946 1164 1998 et
1177 1947 1315 2015 potestas.

755 2136 837 2196 Tunc
850 2138 962 2197 dicatur
975 2138 1036 2210 alte,

483 2256 540 2318 Per
553 2258 654 2318 omnia
667 2237 952 2318 seculaseculorum.
993 2255 1100 2317 Amen.

832 2445 958 2506 Oremus.

483 2567 581 2646 Ipsius
608 2577 779 2646 preceptum
808 2577 861 2639 est,
889 2567 1017 2641 domine,
1044 2567 1125 2646 quod
1158 2567 1281 2644 agimus,
1311 2568 1342 2627 in

442 2663 524 2723 euius
545 2681 624 2723 nunc
645 2663 791 2739 presentia
813 2661 1004 2740 postulamus,
1021 2665 1059 2724 da
1080 2663 1222 2723 sacrificio
1243 2673 1342 2722 aucto-

442 2772 505 2817 rem
526 2775 619 2829 suum,
634 2768 665 2816 ut
685 2758 840 2835 impleatur
860 2758 934 2818 fides
955 2758 996 2817 rei
1016 2759 1048 2816 in
1069 2758 1242 2817 sublimitate
1262 2773 1343 2835 mys·

441 2852 522 2925 terii3
552 2863 584 2912 ut
604 2852 677 2912 sicut
697 2853 849 2912 ueritatem
871 2853 986 2927 celestis
1011 2853 1139 2929 mysterii
1162 2852 1341 2930 exequimur,

442 2950 483 3009 sic
497 2949 648 3008 ueritatem
663 2948 802 3008 dominici
813 2949 945 3026 corporis
959 2957 988 3008 et
1002 2947 1153 3025 sanguinis
1166 2948 1341 3022 hauriamus,

442 3062 495 3122 per
509 3043 636 3104 eundem
651 3043 805 3105 dominum
819 3053 951 3104 nostrum
965 3043 1113 3103 dicentes:

483 3138 568 3199 Pater
582 3149 687 3211 noster,
703 3139 753 3216 qui
766 3156 799 3198 es
813 3139 843 3197 in
859 3138 936 3213 celis.
978 3137 1021 3196 Et
1032 3145 1129 3197 cetera.

442 3257 486 3317 Et
503 3259 587 3316 oleum
609 3263 761 3334 reportetur
780 3259 854 3315 etin
875 3257 931 3316 loco
950 3273 999 3315 suo
1023 3261 1204 3314 construetur.
1245 3251 1342 3314 Missa

482 3371 548 3412 uero
568 3351 664 3410 ords'sse
682 3371 732 3410 suo
752 3357 857 3429 agatur
874 3371 957 3428 usque
977 3352 1043 3409 dum
1064 3350 1255 3410 benedictiones
1273 3351 1342 3428 epis·

480 3448 584 3524 copules
603 3448 758 3505 soluantur.

656 3701 822 3767 amentata
843 3705 874 3768 ia
894 3719 981 3768 caena
999 3703 1117 3768 maslai.

483 3834 643 3896 Benedicat
656 3853 712 3895 uos
726 3834 808 3908 deus,
823 3837 873 3913 qui
887 3855 941 3913 per
953 3836 1096 3914 unigeniti
1114 3835 1158 3894 sui
1172 3834 1340 3912 passionem

442 3941 526 3990 uetus
539 3929 649 4008 pascha
668 3929 699 3987 in
719 3947 830 3989 nouum
851 3930 944 3990 uoluit
960 3931 1110 4004 conuerti3
1140 3930 1340 4008 concedatque

442 4025 535 4095 uobis,
550 4032 590 4096 ut,
604 4034 767 4100 expurgato
782 4025 888 4084 ueteris
903 4025 1036 4084 fermenti
1055 4023 1202 4101 contagio,
1217 4042 1297 4084 noua
1309 4025 1340 4084 in

441 4121 527 4180 uobis
541 4128 705 4196 perseueret
719 4119 900 4195 conspersio.

482 4213 521 4274 Et
542 4214 592 4291 qui
616 4212 654 4272 ad
679 4211 882 4273 celebrandam
906 4212 1100 4289 redemptoris
1122 4213 1214 4272 nostri
1235 4231 1340 4287 cenam

440 4318 539 4368 mente
554 4307 661 4368 deuota
675 4307 862 4380 conuenistis,
877 4317 1040 4382 eternarum
1055 4307 1174 4385 dapium
1188 4308 1340 4368 uobiscum

439 4403 540 4481 epulas
554 4403 714 4478 reportetis.

481 4497 636 4574 Ipsiusque
661 4495 821 4573 opitulante
843 4495 1004 4568 clementia,
1025 4494 1207 4556 mundemini
1231 4514 1249 4555 a
1276 4515 1340 4556 sor·

442 4592 528 4652 dibus
555 4598 751 4668 peccatorum,
779 4589 830 4666 qui
857 4588 895 4649 ad
929 4590 1137 4649 insinuandum
1172 4588 1340 4652 humilitatis

441 4684 608 4762 exemplum
622 4682 714 4762 pedes
728 4683 819 4743 uoluit
833 4683 930 4744 lauare
944 4684 1161 4762 discipulorum.

482 4775 573 4851 Quod
587 4779 650 4856 ipse
664 4788 790 4855 prestare
805 4778 949 4856 dignetur,
962 4779 1045 4838 cuius
1060 4797 1192 4855 regnum.

482 4872 654 4933 Benedictio
676 4873 723 4932 dei
743 4873 842 4951 patris,
861 4881 890 4932 et
910 4871 968 4946 filii,
988 4883 1019 4933 et
1039 4875 1155 4953 spiritus
1175 4873 1267 4934 sancti
1289 4873 1338 4936 de·

441 4967 561 5040 scendet
582 4985 670 5046 super
690 4985 754 5028 uos

774 5059 820 5120 Et
829 5061 924 5121 statim
937 5061 1013 5134 dicit,

481 5191 521 5253 Et
534 5209 592 5270 pax
606 5191 718 5260 domini
732 5193 768 5253 sit
782 5211 898 5271 semper
911 5193 1075 5254 uobiscum.

443 5310 524 5370 Tunc
541 5313 718 5371 communicet
734 5314 809 5372 solus
821 5313 957 5391 pontefex
977 5321 1040 5372 ante
1055 5313 1155 5385 altare,
1170 5320 1197 5372 et
1206 5313 1339 5374 dsisconus

482 5406 581 5483 afferat
589 5407 617 5464 ei
622 5406 740 5478 calicem,
750 5414 778 5466 et
788 5426 842 5466 non
844 5406 978 5486 frangat
988 5407 1100 5478 oblatas,
1110 5410 1170 5467 nesi
1179 5427 1239 5467 eam
1252 5410 1339 5468 solam

481 5499 552 5558 unde
582 5500 629 5558 ille
659 5501 840 5561 communicat
865 5499 914 5559 sllo
941 5507 1048 5560 tantum
1078 5501 1129 5561 die.
1185 5501 1338 5580 Postquam

481 5592 725 5655 connunuaucru
734 5596 879 5676 epsicopus,
889 5601 978 5673 ponat
990 5595 1122 5656 ds'sscms
1133 5595 1243 5656 cals'cem
1256 5607 1338 5675 super

1634 563 1838 641 umentia
1864 561 2051 648 ditastis.

1434 770 1533 829 altare.
1574 767 1683 827 Deinde
1696 773 1833 843 acceptam
1847 785 1867 824 a
1884 763 2047 824 subds'acono
2059 767 2191 840 patenam
2206 769 2295 840 ponat

1434 865 1520 924 s'sexta
1541 863 1653 923 calstcm
1674 863 1706 920 de
1725 861 1811 920 latere
1830 837 1971 928 sinistios
1991 865 2018 917 ct
2035 860 2129 917 statim
2150 878 2169 917 a
2189 859 2292 916 drama

1433 957 1641 1017 subdacons'bus
1660 956 1797 1034 utrimque
1815 955 1987 1030 cooperiatur
2006 954 2037 1011 de
2055 952 2167 1011 sindone
2181 953 2292 1024 munda,

1433 1072 1516 1130 quam
1535 1053 1620 1128 prius
1640 1056 1868 1128 preparauerant
1889 1051 1921 1108 in
1945 1067 1997 1107 ora
2021 1047 2124 1106 altaris
2147 1067 2161 1105 c
2183 1050 2293 1124 regione

1429 1146 1577 1222 pontificu,
1592 1152 1658 1223 post
1678 1146 1846 1222 corporalem
1867 1153 2031 1220 expansam.
2078 1140 2158 1200 Tunc
2179 1143 2294 1200 domnus

1433 1241 1571 1318 epsicopus
1587 1241 1676 1299 uadat
1688 1239 1730 1299 ad
1745 1239 1831 1300 sedem
1849 1257 1929 1298 suam
1945 1256 2007 1296 cum
2021 1235 2188 1310 diiambus,
2201 1244 2228 1295 ct
2241 1256 2293 1296 sx-

1427 1339 1520 1411 pectet.

1486 1538 1572 1606 btba
1589 1541 1623 1602 bs
1640 1538 1848 1604 massuetum
1864 1537 2032 1620 pumicatis
2049 1537 2204 1604 crismatis.

1394 1685 1568 1762 Eupcctante
1585 1704 1651 1744 uero
1670 1687 1700 1744 s'n
1720 1686 1780 1744 sede
1796 1705 1848 1744 aea
1860 1684 1997 1762 pontifice,
2015 1685 2130 1742 ueniant
2145 1684 2186 1742 ad
2197 1702 2292 1743 sacra-

1434 1783 1511 1839 rium
1533 1781 1600 1842 .xs'i.
1617 1780 1772 1856 presbiteri,
1792 1786 1820 1838 ct
1842 1781 1927 1838 ceteri
1947 1780 2049 1850 clcrs'cs',
2071 1785 2205 1854 quantum
2228 1789 2295 1854 opus

1434 1877 1473 1933 ss't
1494 1875 1536 1934 ad
1553 1875 1726 1954 deserendum
1750 1893 1811 1932 cum
1836 1875 1914 1932 amni
1932 1873 2025 1931 decore
2047 1874 2133 1932 ouum
2157 1874 2293 1945 cremat,

1434 1971 1566 2028 aculeum
1587 1970 1815 2028 catecuminorum
1828 1975 1856 2027 et
1869 1967 2064 2044 rseopbitorum,
2078 1985 2161 2042 saqssc
2175 1969 2205 2025 in
2218 1967 2295 2026 ecclc·

1434 2067 1507 2122 scam
1541 2071 1603 2122 ante
1633 2065 1790 2140 epsicopum.
1842 2061 1913 2123 Sint
1943 2063 2014 2121 enim
2051 2062 2119 2120 mn
2147 2062 2299 2138 presbiteri

1430 2159 1538 2234 parati,
1551 2167 1577 2215 ct
1595 2175 1656 2216 cum
1670 2159 1709 2216 cis
1729 2160 1813 2216 cctcrs'
1828 2158 1924 2215 clerici
1940 2156 2044 2215 casulis
2064 2162 2091 2214 et
2106 2155 2296 2232 sollempnibus

1434 2257 1609 2315 uesbnsentis.
1655 2253 1734 2313 Tunc
1758 2255 1812 2314 dua
1833 2255 1930 2314 acoliti
1949 2256 2109 2332 accipientes
2133 2255 2201 2314 illas
2224 2255 2295 2314 duas

1435 2351 1582 2427 ampullas,
1603 2369 1655 2427 qup
1674 2351 1715 2408 ad
1731 2353 1836 2409 crisma
1858 2357 1885 2408 ct
1903 2351 1945 2408 ad
1961 2351 2047 2410 olesem
2067 2353 2296 2409 catecumenorum

1435 2445 1595 2503 cmueerars'
1615 2444 1716 2516 debent,
1738 2446 1879 2503 s'nuolutas
1906 2464 1967 2504 cum
1994 2443 2157 2504 sindonibus
2180 2445 2211 2502 de
2233 2444 2296 2504 albo

1434 2541 1527 2610 serico,
1539 2541 1580 2597 ita
1596 2546 1628 2596 ut
1639 2538 1738 2596 uideri
1743 2541 1853 2615 possint
1863 2559 1882 2598 a
1896 2540 1989 2599 mcdsb.
2013 2536 2044 2595 T
2038 2545 2135 2596 auant
2143 2539 2172 2597 in
2183 2539 2295 2598 bracm'o

1435 2635 1559 2706 ssissstro,
1568 2634 1700 2711 protam
1716 2633 1876 2692 sindonibus
1888 2643 1972 2709 super
1983 2633 2125 2708 scapulam
2138 2634 2294 2706 sinistram,

1435 2731 1476 2788 ita
1501 2736 1534 2787 ut
1555 2731 1723 2806 pertingant
1747 2729 1788 2786 ad
1811 2728 1953 2805 scapulam
1981 2728 2114 2787 dextram
2122 2748 2138 2796 ,·
2166 2730 2296 2803 quatenus

1428 2830 1541 2905 possent
1552 2829 1726 2904 dependentia
1740 2828 1863 2886 retineri.
1905 2825 1949 2885 Et
1957 2827 2114 2902 procedant,
2127 2833 2155 2884 et
2172 2827 2298 2886 ordinent

1435 2942 1463 2981 sc
1480 2923 1529 2981 illi
1536 2922 1690 3000 presbiteri
1704 2929 1729 2980 et
1742 2922 1864 2998 preds'cts'
1875 2922 1972 2980 clerici
1987 2922 2040 2980 rite
2056 2927 2083 2979 ct
2093 2921 2295 2993 ords'nabsliter,

1435 3017 1476 3074 ita
1498 3023 1532 3075 ut
1544 3017 1672 3093 primum
1695 3015 1835 3074 ambulent
1854 3017 1908 3074 duo
1928 3016 2025 3075 acoliti
2042 3035 2103 3074 cum
2124 3015 2297 3075 candelabris

1435 3117 1462 3168 et
1480 3111 1639 3169 ardentibus
1659 3111 1751 3171 cercis.
1792 3109 1901 3169 Deinde
1910 3117 2056 3187 portentur
2069 3110 2122 3185 dup
2133 3130 2250 3180 cruces,·
2271 3119 2298 3168 et

1436 3207 1508 3263 inter
1522 3206 1588 3264 illas
1601 3207 1718 3264 medium
1733 3207 1862 3265 crs'smulc
1875 3206 1970 3264 oleum.
2012 3203 2086 3262 Post
2095 3223 2142 3263 cas
2149 3211 2297 3280 portentur

1435 3300 1488 3358 duo
1506 3299 1632 3359 turibula
1650 3319 1711 3359 cum
1731 3303 1860 3370 s'ncenso‚·
1882 3306 1909 3359 ct
1926 3300 1999 3357 enter
2013 3299 2065 3356 illa
2080 3300 2197 3358 medium
2210 3299 2294 3358 oleum

1434 3397 1671 3454 catecumenorum.
1712 3393 1822 3454 Deinde
1835 3401 1965 3472 portetur
1985 3395 2167 3470 euargelium,
2189 3401 2223 3451 ut
2244 3396 2294 3451 sm·

1430 3489 1543 3566 plcatur
1553 3509 1629 3548 omne
1639 3490 1746 3549 bonum.
1778 3489 1881 3548 Postea
1895 3495 2055 3565 sequantur,
2064 3487 2127 3546 bini
2136 3495 2163 3545 ct
2174 3487 2240 3560 bc'ssi,
2250 3489 2298 3547 illi

1436 3584 1500 3642 ,est
1511 3583 1666 3659 presbiteri,
1678 3589 1753 3643 testes
1766 3591 1793 3644 ct
1803 3591 1987 3662 cooperatores
2000 3583 2117 3640 eiusdem
2128 3585 2299 3641 sacrosancti

1434 3679 1577 3736 crasmalss
1604 3679 1735 3754 mystersi'.
1781 3677 1861 3736 Tunc
1884 3696 1951 3736 uero
1976 3677 2177 3752 subsequantur
2201 3678 2294 3753 pueri,

1434 3773 1465 3830 in
1485 3773 1593 3830 laudem
1609 3773 1726 3830 ciusdem
1746 3774 1873 3842 mysterii
1889 3772 2053 3831 cmusnmtes
2070 3769 2121 3828 bos
2142 3787 2240 3829 uersus
2258 3772 2299 3829 ad

1433 3866 1483 3924 boc
1502 3871 1701 3943 cossgruentes:

1434 3985 1520 4057 Audi,
1537 3985 1625 4046 iudex
1639 3995 1829 4058 mortuorum,
1844 4002 1903 4044 una
1917 4003 1986 4063 spes
1999 3983 2183 4058 mortalium;

1475 4079 1564 4152 Audi,
1579 4097 1668 4140 uoces
1682 4081 1888 4158 proferentium
1903 4081 2015 4140 donum
2030 4079 2113 4157 pacis
2126 4079 2268 4157 preuium.

1435 4173 1463 4234 Ο
1477 4173 1652 4251 redemptor,
1667 4192 1751 4234 sume
1765 4193 1883 4234 cannen
1897 4184 1986 4234 temet
1999 4175 2223 4236 concinentium.

1434 4273 1533 4333 Arbor
1547 4271 1607 4348 feta
1621 4273 1763 4334 oliuarum
1776 4273 1834 4333 hoc
1848 4274 2023 4334 sacrandum
2036 4273 2161 4349 protulit,

1473 4365 1543 4427 Fert
1557 4367 1614 4427 hoc
1626 4385 1720 4444 prona
1733 4385 1855 4445 presens
1869 4368 1953 4427 turba
1969 4367 2107 4428 saluatori
2120 4367 2218 4428 seculi.

1514 4463 1542 4524 Ο
1557 4465 1738 4543 redemptori

1434 4557 1522 4618 Stans
1536 4560 1574 4619 ad
1588 4577 1669 4620 aram
1684 4561 1775 4620 immo
1790 4559 1912 4638 supplex
1927 4559 2065 4620 infulatus
2079 4559 2220 4637 pontifex,

1472 4653 1613 4714 Debitum
1627 4655 1766 4732 persoluit
1780 4651 1899 4738 om[n]e
1913 4666 2085 4716 consecrato
2099 4665 2250 4732 crysmate.

1514 4747 1542 4808 Ο
1556 4749 1740 4826 redemptori

1433 4841 1618 4903 Consecrare
1632 4854 1663 4903 tu
1679 4844 1800 4920 dignare
1813 4863 1864 4905 rex
1878 4844 2016 4921 perennis
2028 4843 2121 4921 glorie

1473 4937 1543 4998 Hoc
1553 4939 1673 5011 oliuum,
1682 4941 1799 5016 signum
1810 4957 1930 5011 nouum,
1940 4940 2002 4998 iura
2012 4949 2114 4999 contra
2123 4938 2291 5001 demonum.

1516 5031 1545 5094 Ο
1560 5034 1741 5112 redemptori

1431 5125 1473 5186 Vt
1487 5137 1604 5187 notetur
1618 5146 1705 5188 sexus
1720 5129 1818 5187 omnis
1832 5129 1970 5187 unctione
1984 5127 2133 5202 crismatis,

1471 5219 1511 5280 Et
1525 5222 1657 5282 medetur
1671 5223 1800 5282 sauciata
1813 5223 1961 5300 dignitatis
1974 5221 2073 5299 gloria.

1513 5314 1542 5375 Ο
1555 5315 1722 5393 redemptor
1734 5319 1740 5374 l

1430 5407 1508 5471 Lata
1521 5421 1629 5483 mente,
1645 5430 1729 5471 sacro
1744 5410 1824 5472 fonte
1836 5410 2010 5489 aufugantur
2023 5408 2153 5481 crimina,

1471 5502 1572 5564 Uncta
1586 5504 1681 5564 fronte
1696 5515 1882 5566 sacrosancta
1894 5505 2019 5566 influunt
2034 5503 2193 5566 cartsmua

1512 5597 1541 5659 Ο
1554 5599 1740 5680 redemptori
