5148 6612
724 555 860 650 muntia
885 555 1048 648 titutum.

778 755 1004 818 Postcommunr'o.

480 864 610 925 Fidelem
632 864 772 924 famulum
789 875 873 923 tuum
892 881 993 941 regem
1014 871 1156 934 nostrum,
1170 878 1338 939 quesumus,

440 960 569 1031 domine,
588 960 718 1037 potentie
737 968 785 1017 tue
806 958 917 1018 muniat
940 957 1049 1016 inuicta
1070 955 1211 1029 defensio,
1228 966 1260 1016 ut
1287 957 1337 1033 pio

439 1073 554 1132 semper
567 1055 619 1113 tibi
633 1055 761 1113 existens
775 1047 899 1113 deuotus
918 1051 1026 1111 affectu
1045 1060 1074 1110 et
1090 1051 1128 1110 ab
1142 1050 1253 1110 infestis
1267 1049 1338 1110 libe·

439 1158 514 1207 retur
528 1149 659 1220 inimicis,
674 1158 703 1208 et
717 1165 770 1224 per
783 1158 862 1207 tuam
877 1145 1104 1206 misericordiam
1126 1143 1248 1205 salutem
1267 1162 1337 1205 con·

439 1253 576 1321 sequatur
589 1242 696 1302 mentis
709 1253 739 1301 et
752 1242 892 1320 corporis.
933 1239 997 1300 Per.

649 1485 762 1561 ffllssa
782 1486 900 1569 proptia
920 1502 972 1568 pto
993 1485 1135 1568 episcopo.

480 1624 618 1696 Domine,
632 1622 705 1682 deus
719 1619 916 1699 omnipotens,
932 1619 982 1696 qui
997 1616 1094 1694 celum
1115 1616 1266 1695 syderibus
1287 1616 1338 1676 de-

438 1718 566 1797 pinxisti,
588 1727 618 1777 et
641 1715 785 1776 mundum
807 1724 975 1774 sanctorum
1000 1712 1132 1772 locorum
1156 1711 1255 1789 spatiis
1280 1710 1337 1770 dis·

437 1812 555 1885 tinxisti,
577 1812 607 1871 in
628 1811 735 1888 quibus
759 1809 896 1886 precipue
920 1825 1031 1867 nomen
1055 1815 1138 1865 tuum
1162 1814 1295 1866 sanctum
1320 1823 1338 1866 a

438 1909 525 1968 nobis
546 1906 685 1977 inuocari,
699 1913 729 1964 et
748 1903 785 1963 ad
803 1903 947 1962 beneficia
965 1900 1098 1961 fidelibus
1112 1900 1168 1960 tuis
1182 1899 1338 1978 prestanda

437 2001 611 2079 interpellari
638 1999 774 2071 uoluisti;
804 1997 911 2076 quique
938 2015 987 2056 me
1015 1995 1156 2054 famulum
1178 2005 1261 2055 tuum
1286 1994 1336 2052 all.

438 2113 501 2155 non
515 2095 588 2154 meis
602 2094 712 2154 meritis
725 2093 778 2153 sed
793 2091 873 2151 dono
887 2101 936 2165 tue
950 2090 1052 2168 gratiae
1065 2088 1225 2168 pontificali
1239 2088 1338 2149 cathe-

439 2190 491 2250 dra
511 2188 713 2250 oxoniensium
735 2185 915 2259 sublimasti;
940 2193 1045 2262 presta,
1060 2201 1230 2260 quesumus,
1244 2194 1277 2243 ut
1289 2201 1338 2242 me

438 2294 469 2344 et
488 2302 594 2344 omnes
614 2300 688 2344 oues
709 2293 783 2353 tuae,
797 2298 871 2357 quas
892 2278 1000 2357 pabulo
1022 2278 1153 2339 doctrine
1173 2277 1338 2356 pascendas

438 2378 509 2438 mihi
534 2375 728 2448 commissisti,
753 2375 962 2434 interueniente
983 2374 1070 2432 beato
1095 2382 1178 2451 petro
1203 2370 1338 2449 apostolo

438 2483 499 2544 tuo,
509 2475 546 2532 ab
561 2473 642 2532 omni
656 2470 832 2530 aduersitate
846 2477 992 2546 protegas,
1001 2477 1030 2528 et
1044 2467 1135 2546 gratie
1149 2477 1199 2543 tue
1208 2468 1338 2527 ubertate

438 2567 567 2643 letifices,
581 2583 685 2643 pacem
699 2574 728 2625 et
742 2563 874 2636 salutem,
884 2563 975 2622 uitam
987 2572 1017 2621 et
1026 2561 1155 2640 requiem
1168 2561 1209 2622 cis
1220 2578 1337 2621 mecum

439 2661 594 2733 concedas,
609 2671 669 2720 tam
690 2659 735 2718 his
749 2658 799 2735 qui
813 2667 965 2717 uersantur
978 2657 1009 2716 in
1025 2673 1159 2733 corpore,
1174 2673 1263 2735 quam
1285 2654 1339 2714 illis

439 2756 490 2832 qui
510 2766 645 2832 teguntur
664 2753 696 2812 in
716 2752 836 2823 funere3
865 2769 920 2810 nec
949 2751 991 2811 eis
1015 2750 1120 2810 delicta
1143 2768 1211 2810 mea
1232 2749 1338 2827 quibus

437 2859 467 2909 te
489 2848 597 2908 irritaui
623 2847 759 2918 officiant,
780 2845 833 2905 sed
857 2863 960 2922 preces
985 2845 1036 2904 tibi
1058 2845 1192 2922 piissimo
1214 2844 1338 2904 domino

437 2942 582 3002 humiliter
606 2942 670 3001 fuse
698 2952 799 3001 eterna
823 2940 865 2999 eis
889 2937 1024 3017 paradysi
1049 2938 1155 3016 gaudia
1179 2937 1337 2998 conferant.

437 3036 500 3097 Per.

831 3127 950 3188 Secreta.

480 3237 658 3312 Quesumus,
683 3237 871 3314 omnipotens
898 3235 979 3306 deus,
1004 3252 1052 3293 me
1072 3231 1222 3298 ‚furnulum
1249 3242 1340 3302 tuum,

437 3351 528 3414 quem
554 3331 758 3391 exoniensium
780 3328 855 3409 (em)
883 3329 999 3390 uoluisti
1026 3346 1091 3388 esse
1119 3328 1284 3397 antistitem,
1311 3335 1341 3385 ct

438 3427 624 3507 populomm,
639 3443 728 3504 quem
746 3424 957 3485 instituendum
976 3423 1041 3500 lege
1055 3431 1262 3500 preceptorum
1277 3430 1340 3480 tuo-

438 3540 504 3582 rum
520 3520 592 3580 mihi
607 3519 831 3590 commendasti,
844 3517 900 3578 bac
920 3518 995 3577 sacri
1015 3516 1143 3593 mysterii
1160 3514 1309 3574 oblatione
1323 3533 1340 3573 a

438 3616 567 3696 peccatis
588 3612 725 3683 emunda,
743 3623 773 3672 et
792 3612 871 3672 unici
888 3612 937 3670 lilii
955 3613 996 3671 tui
1015 3610 1127 3670 domini
1148 3609 1239 3668 nostri
1258 3609 1340 3668 ibesu

440 3710 538 3771 christi
559 3726 682 3786 corpore
702 3717 732 3767 et
745 3707 888 3784 sanguine
910 3705 1068 3776 sanctifica,
1090 3715 1123 3763 ut
1143 3712 1257 3762 remota
1276 3720 1340 3762 om·

440 3805 523 3863 nium
543 3802 671 3862 hostium
692 3801 919 3878 perturbatione,
939 3801 1027 3859 beato
1041 3808 1124 3875 petro
1139 3796 1275 3874 apostolo
1288 3806 1340 3856 tuo

440 3896 657 3967 interueniente,
681 3895 774 3955 securi
796 3895 1002 3973 perueniamus
1024 3893 1062 3952 ad
1087 3891 1236 3952 consortia
1259 3891 1340 3968 pacis

440 3989 579 4068 angelice.
622 3989 686 4050 Per.

780 4083 1007 4143 Postcommum'o.

483 4191 620 4252 Salutaris
634 4189 727 4264 hostie
741 4189 961 4267 participatione
971 4187 1105 4260 refectus,
1114 4185 1341 4248 misericordiam

442 4294 522 4344 tuam
548 4284 671 4363 supplex
695 4283 820 4361 inploro,
838 4284 957 4343 domine
978 4282 1058 4356 deus,
1078 4291 1111 4342 ut
1131 4299 1180 4342 me
1200 4280 1341 4340 famulum

442 4391 526 4439 tuum
541 4397 629 4456 quem
650 4387 749 4438 sancte
770 4377 922 4438 exoniensi
936 4375 1067 4450 aecclesie
1085 4392 1202 4453 preesse
1215 4373 1340 4446 uoluisti,

442 4483 472 4533 et
496 4490 590 4551 agnos
612 4482 687 4545 tuos,
708 4489 784 4549 quos
805 4472 857 4531 tibi
882 4489 919 4530 ex
941 4469 1097 4530 uniuersali
1120 4468 1253 4530 aecclesia
1276 4486 1340 4546 spe-

444 4567 545 4628 cialius
559 4566 667 4626 electos
687 4566 758 4626 mihi
777 4565 949 4626 nutriendos
970 4564 1158 4636 commisisti;
1180 4580 1242 4622 non
1262 4563 1341 4622 sinas

443 4662 509 4722 ullis
529 4660 752 4721 aduersitatibus
772 4658 902 4736 fatigari;
933 4659 1087 4731 danobis,
1108 4658 1237 4730 domine,
1260 4657 1341 4716 inex·

443 4755 630 4835 pugnabilcm
651 4772 720 4830 uere
742 4754 811 4814 fidei
835 4753 1008 4825 firmitatem,
1029 4753 1227 4812 intercedente
1254 4751 1341 4810 beato

444 4859 527 4931 petro
555 4847 691 4927 apostolo
719 4858 779 4921 tuo,
807 4846 918 4927 perduc
944 4865 1001 4909 nos
1028 4848 1134 4927 pariter
1158 4846 1197 4906 ad
1224 4843 1341 4925 palt)rie

443 4945 556 5021 celestis
577 4943 775 5004 hereditatem.
815 4941 878 5003 Per.

773 5145 835 5232 [bc
849 5164 877 5213 s.
893 5144 1008 5232 egium]

484 5254 556 5316 Kal.
581 5255 654 5334 Sept.
709 5253 917 5315 Noouaseusi¹
940 5267 1023 5333 pago,
1053 5254 1110 5314 loco
1144 5253 1196 5330 qro‘
1227 5261 1342 5313 uocum

443 5352 530 5410 uallis
541 5351 685 5428 staurano,
706 5352 737 5409 in
751 5357 896 5428 prospectu
916 5352 1013 5422 morti,
1034 5349 1127 5408 natale
1149 5349 1243 5408 sancti
1258 5349 1346 5425 egidii

834 5597 842 5628 ¹
857 5598 966 5649 Nisrncs.

1741 555 1789 642 ᾖ.
1816 556 1936 650 eget.

1391 755 1499 817 abbani
1512 764 1539 817 et
1552 757 1737 836 consessum
1758 759 1837 836 apud
1852 758 1974 832 athenas,
1985 758 2078 836 grecie
2098 757 2200 831 urbem,
2217 765 2295 819 ornas

1390 871 1430 912 ex
1439 858 1525 930 patre
1537 854 1668 926 theodoro,
1683 859 1773 912 matre
1786 872 1852 913 uero
1859 853 1982 932 pelago.
2024 851 2145 914 Miro&

1431 948 1573 1008 Pretende
1601 947 1696 1020 nobis,
1719 947 1848 1020 domine,
1871 966 2040 1026 quesumus,
2062 947 2291 1008 misericordiam

1390 1050 1479 1115 tuam,
1507 1052 1537 1103 et
1562 1042 1641 1102 beati
1668 1043 1758 1119 egidii
1785 1043 1898 1104 abbatis
1926 1043 2103 1114 intercessio,
2126 1043 2208 1104 cuius
2236 1060 2292 1102 uos

1391 1136 1495 1196 dedisti
1515 1136 1684 1214 patrociniis
1706 1138 1845 1211 adiuuari,
1860 1137 1999 1199 tribuent
2017 1137 2199 1198 maiestatem
2212 1147 2292 1197 tuam

1391 1240 1493 1292 exoret
1506 1242 1560 1309 pro
1574 1233 1669 1294 nobis.
1711 1231 1767 1292 Per
1781 1232 1943 1292 dominum.

1781 1362 1901 1424 Secreta.

1432 1470 1615 1544 intercessio,
1630 1489 1798 1550 quesumus,
1820 1470 1950 1545 domine,
1969 1472 2048 1532 beati
2068 1471 2157 1548 egidii
2177 1471 2291 1532 abbatis

1391 1583 1513 1626 munera
1543 1576 1642 1627 nostra
1676 1566 1872 1638 commendet,
1900 1583 2016 1644 nosque
2050 1565 2113 1626 eius
2142 1565 2293 1625 ueneratio

1391 1669 1492 1721 sancta
1503 1673 1552 1738 tue
1567 1663 1710 1723 maiestati
1724 1662 1828 1723 reddat
1842 1671 1989 1741 acceptos.
2031 1661 2094 1722 Per.

1771 1795 1912 1875 Prcsatio.

1432 1900 1469 1961 U.
1484 1901 1521 1962 D.
1537 1911 1643 1962 aeterne
1658 1901 1740 1962 deus.
1770 1900 1831 1974 Qui
1849 1902 1880 1960 in
1899 1901 2032 1961 omnium
2047 1911 2215 1961 sanctorum
2228 1910 2292 1960 tuo-

1390 2014 1456 2055 rum
1476 2015 1508 2058 es
1529 1997 1718 2074 prouectione
1738 1996 1824 2056 laude
1846 1995 2012 2064 colendum,
2033 1995 2161 2056 maxime
2182 1995 2213 2054 in
2235 1994 2292 2055 hac

1391 2091 1439 2152 die
1466 2109 1556 2170 quarn
1581 2083 1658 2150 beati
1680 2090 1855 2150 confessoris
1880 2091 1921 2149 tui
1950 2088 2038 2166 egidii
2062 2106 2146 2150 sacro
2170 2089 2293 2148 transitu

1391 2185 1577 2246 consecrasti
1619 2184 1667 2245 Da
1686 2202 1758 2263 ergo
1782 2184 1914 2260 aecclesie
1934 2194 1984 2260 tue
2005 2183 2042 2244 de
2063 2192 2146 2244 tanto
2166 2183 2294 2261 gaudere

1391 2290 1526 2357 patrono,
1546 2290 1575 2340 et
1595 2279 1673 2339 illam
1695 2279 1779 2358 sequi
1799 2280 1849 2356 pia
1870 2279 2028 2340 deuotione
2049 2277 2220 2351 doctrinam,
2235 2295 2293 2356 qua

1392 2374 1513 2435 dilectus
1532 2384 1599 2434 tuus
1620 2383 1703 2433 tuum
1723 2391 1844 2451 gregem
1866 2391 1944 2452 pane
1964 2371 2133 2432 eruditionis
2153 2373 2242 2449 pauit,
2262 2381 2294 2431 ut

1392 2469 1522 2529 adiuuari
1545 2486 1600 2529 nos
1624 2467 1704 2546 apud
1732 2466 1960 2527 misericordiam
1985 2476 2067 2527 tuam
2095 2474 2125 2525 et
2152 2465 2294 2544 exemplis

1391 2563 1453 2624 eius
1468 2565 1627 2623 sentiamus
1640 2571 1670 2622 et
1683 2562 1801 2622 meritis.
1830 2559 1886 2621 Per
1900 2560 2042 2621 christum
2056 2559 2209 2620 dominum
2226 2577 2294 2620 nos-

1391 2667 1475 2718 trum·

1730 2738 1957 2798 Postcommum'o.

1433 2845 1613 2919 Quesumus,
1627 2846 1818 2924 omnipotens
1832 2845 1914 2918 deus,
1922 2854 1954 2903 ut
1968 2844 2019 2922 qui
2030 2842 2148 2904 celestia
2158 2841 2296 2902 alimenta

1392 2939 1585 3017 percepimus,
1607 2939 1806 3000 intercedente
1830 2940 1917 2998 beato
1940 2939 2039 3016 egidio
2063 2937 2170 2997 abbate
2193 2947 2295 2996 contra

1393 3035 1494 3094 omnia
1515 3033 1639 3094 aduersa
1662 3034 1837 3103 muniamur,
1857 3043 1888 3092 et
1910 3032 1948 3092 ad
1973 3042 2073 3108 eterna
2094 3031 2203 3108 gaudia
2225 3048 2294 3091 con-

1393 3126 1542 3206 sequenda
1556 3145 1626 3205 spes
1640 3128 1727 3188 nobis
1742 3135 1877 3206 suppetat
1891 3135 1921 3186 et
1935 3125 2064 3187 facultas
2106 3125 2171 3186 Per.

1685 3367 1798 3443 ffllosa
1818 3386 1870 3451 pm
1890 3369 2001 3449 argina

1433 3498 1582 3571 Gubema,
1604 3499 1733 3571 domine,
1753 3499 1892 3559 famulam
1913 3509 2002 3571 tuam,
2023 3508 2052 3558 et
2068 3499 2126 3558 tuis
2146 3498 2294 3560 beneficiis

1392 3610 1509 3671 semper
1523 3593 1683 3666 accumula,
1694 3603 1726 3653 ut
1740 3603 1769 3653 et
1782 3593 1925 3671 presentis
1939 3594 1998 3669 uite
2019 3592 2155 3654 subsidiis
2169 3592 2295 3670 gaudeat

1391 3698 1421 3747 et
1434 3698 1550 3763 eterne.
1592 3688 1657 3749 Per.

1788 3780 1905 3886 chreta.

1434 3901 1518 3976 Haec,
1537 3903 1665 3975 domine,
1684 3920 1773 3980 quam
1794 3901 1938 3963 maiestati
1959 3911 2008 3978 tue
2029 3901 2179 3963 offerimus
2199 3902 2294 3963 hostia

1393 3993 1501 4073 famule
1514 4007 1564 4073 tue
1579 3998 1628 4058 all.
1643 3997 1673 4056 in
1687 4008 1855 4058 sanctarum
1875 3997 2006 4074 proficiat
2027 4007 2217 4074 augmentum
2238 3997 2294 4056 uir-

1393 4100 1502 4166 tutum;
1525 4103 1557 4151 ut
1573 4110 1640 4170 que,
1654 4101 1705 4152 tua
1721 4091 1928 4164 misericordia,
1947 4091 2038 4168 regali
2056 4091 2195 4169 dignitate
2216 4102 2296 4151 extat

1393 4185 1530 4263 gloriosa,
1545 4188 1658 4246 actibus
1678 4187 1774 4246 aetiam
1794 4204 1911 4246 morum
1925 4185 1976 4245 tibi
1995 4184 2168 4264 placitorum
2190 4185 2296 4248 clares·

1393 4291 1440 4340 cat
1453 4281 1615 4342 sublimata
1657 4281 1713 4341 Per
1725 4281 1887 4341 dominum.

1730 4414 1960 4473 postcommunio.

1393 4546 1395 4554 ,
1435 4519 1527 4600 Rege,
1555 4539 1722 4599 quesumus,
1752 4520 1880 4592 domine,
1912 4520 2051 4581 famulam
2079 4530 2159 4580 tuam
2188 4521 2237 4580 ‚itt
2266 4531 2296 4582 et

1393 4616 1485 4693 gratie
1500 4627 1548 4691 tue
1561 4618 1593 4676 in
1606 4635 1642 4676 ea
1656 4615 1735 4676 dona
1747 4615 1925 4694 multiplica;
1947 4626 1979 4675 ut
1998 4616 2036 4675 ab
2049 4615 2187 4676 omnibus
2204 4615 2295 4676 libera

1393 4709 1524 4783 offensis,
1549 4721 1578 4772 et
1601 4709 1811 4788 temporalibus
1836 4728 1899 4771 non
1927 4710 2097 4770 destituatur
2120 4709 2242 4783 auxiliis,
2265 4721 2295 4770 et

1394 4806 1576 4885 sempiternis
1597 4805 1723 4884 gaudeat
1743 4804 1888 4866 institutis.
1931 4805 1995 4866 Per.

1491 5051 1603 5128 ffltosa
1624 5053 1655 5117 tn
1674 5053 1799 5117 eulasia
1818 5051 1971 5117 miuslibet
1991 5052 2128 5135 martpris
2149 5051 2196 5116 nti

1749 5144 1936 5210 omnesne.

1434 5277 1602 5357 Pmpitiare,
1630 5296 1799 5358 quesumus,
1825 5278 1952 5352 domine,
1981 5279 2067 5338 nobis
2094 5277 2210 5338 famulis
2237 5277 2294 5337 tuis

1425 5515 1435 5546 ¹
1451 5514 1514 5566 This
1525 5513 1608 5566 differs
1619 5514 1683 5567 stom
1694 5514 1737 5566 the
1747 5515 1773 5567 S.
1787 5515 1874 5580 Missa,
1886 5514 1941 5566 also
1956 5513 2020 5566 from
2032 5512 2075 5566 the
2089 5512 2200 5566 eotlects
2211 5513 2236 5565 in
2248 5512 2295 5564 six-

1392 5593 1588 5660 teeutb-eeutury
1598 5593 1695 5646 Freneb
1706 5593 1815 5646 Misenis.
