5122 6610
624 577 814 661 biennis.
1583 578 1772 654 urrisun.

2053 603 2125 676 233

276 797 354 862 pera
370 776 513 850 diabolo,
523 777 579 860 qui
594 776 682 842 hunc
693 778 854 843 famulum
864 786 957 842 tuum
971 778 1025 844 ‚ili
1038 779 1174 855 detinet,
1227 779 1370 860 tremuit,
1379 779 1430 844 cui
1446 783 1565 863 patent
1578 780 1687 859 abissi,
1697 801 1796 863 quem
1811 779 1955 847 infernus
1965 784 2124 865 pauescit,

276 887 313 942 ut
324 878 367 943 ab
380 899 419 942 eo
431 879 573 955 recedat,
583 887 616 942 et
632 879 846 960 extinguatur
857 899 917 961 per
928 880 1172 962 impositionem
1227 899 1326 961 quem
1343 880 1450 945 omnis
1470 881 1589 945 irarum
1605 890 1715 945 motus
1733 881 1894 964 aspiciens
1914 881 2123 957 humiliatum

276 996 432 1040 manuum
456 986 651 1052 nostrarum,
669 997 752 1060 quas
772 999 832 1043 nos
854 981 1007 1061 ponimus
1027 980 1173 1045 carnales
1226 990 1261 1044 te
1283 979 1427 1062 supplex
1449 981 1616 1062 deprecor,
1641 981 1830 1046 dominator
1850 982 1993 1058 domine,
2016 991 2052 1046 ut
2074 983 2123 1046 in-

276 1097 335 1160 per
362 1079 604 1143 inuocationem
634 1078 682 1144 tui
712 1079 863 1154 nominis,
895 1089 929 1143 et
958 1099 1018 1162 pro
1049 1081 1173 1145 meritis
1227 1079 1399 1143 uocatione
1414 1081 1554 1144 nominis
1570 1080 1618 1146 tui
1637 1080 1681 1144 ab
1701 1079 1796 1144 huius
1817 1080 1932 1146 famuli
1952 1084 2002 1158 tui
2022 1103 2124 1146 uexa-

274 1177 447 1242 beatorum
473 1177 665 1262 angelorum
690 1187 821 1242 tuorum
846 1188 879 1243 et
904 1180 1172 1262 patriarcharum,
1226 1179 1316 1242 tione
1343 1178 1493 1242 inimicus
1522 1179 1676 1243 confusus
1705 1180 1886 1256 abscedat;
1919 1191 1955 1246 ut
1985 1181 2028 1244 ab
2054 1180 2123 1245 eius

275 1285 309 1340 et
323 1277 567 1359 prophetarum,
584 1288 617 1342 et
632 1278 867 1361 apostolorum,
882 1288 917 1343 et
933 1288 1125 1361 martyrum,
1139 1289 1173 1343 et
1226 1279 1434 1360 possessione
1449 1279 1560 1344 anima
1574 1278 1715 1343 liberata
1734 1280 1778 1344 ad
1794 1290 1962 1345 auctorem
1982 1301 2050 1345 suae
2071 1302 2123 1346 sa-

275 1375 506 1456 coniessorum,
521 1387 556 1441 et
570 1379 743 1460 uirginum,
759 1389 860 1461 atque
875 1380 1023 1442 omnium
1042 1388 1172 1443 sancto·
1226 1377 1303 1442 lutis
1335 1387 1486 1454 recurrat,
1516 1378 1793 1461 liberatoremque
1822 1400 1929 1455 suum,
1958 1380 2123 1444 diabolico

276 1494 347 1539 rum
367 1485 508 1540 tuorum.
554 1475 675 1541 Libera
698 1498 774 1541 eum
797 1479 852 1560 qui
875 1479 979 1542 credit
1001 1480 1035 1543 in
1057 1498 1173 1543 uerum
1225 1477 1338 1542 iaetore
1372 1476 1519 1561 depulso,
1550 1487 1583 1542 et
1621 1480 1723 1543 odore
1759 1481 1954 1544 suauissimo
1990 1480 2123 1563 spiritus

276 1573 485 1640 liberatorem
500 1575 673 1640 dominum
690 1588 839 1642 nostrum
860 1567 987 1642 ihesum
1003 1579 1171 1654 christum,

275 1683 313 1739 ut
327 1684 532 1758 expurgatus
548 1675 591 1740 ab
604 1678 694 1740 omni
709 1675 785 1741 labe
800 1678 990 1760 iniquitatis,
1007 1679 1172 1743 maiestati

274 1783 343 1838 tuae
367 1795 449 1858 pura
479 1786 591 1840 mente
615 1777 787 1855 deseruiat,
810 1789 1007 1842 consecutus
1030 1779 1172 1862 gratiam
1203 1864 1206 1869 Ι

275 1875 409 1956 spiritus
434 1875 549 1950 sancti,
575 1876 732 1957 quicum
758 1886 852 1959 patre
878 1887 912 1942 et
938 1877 1006 1942 filio
1029 1880 1112 1942 uiuit
1139 1889 1172 1942 et

274 1983 391 2056 regnat
406 1993 465 2056 per
478 1975 588 2039 omnia
605 1975 715 2040 secula
731 1975 923 2042 seculorum.
968 1977 1091 2042 Amen.

677 2163 769 2231 Alia.

319 2287 488 2353 Medelam
500 2299 592 2353 tuam
608 2289 774 2372 deprecor,
787 2291 928 2369 domine,
942 2299 1055 2355 sancte
1069 2301 1171 2374 pater,

274 2391 484 2471 omnipotens
507 2400 629 2453 aeteme
651 2390 740 2468 deus,
764 2391 820 2471 qui
843 2391 998 2455 subuenis
1024 2392 1057 2454 in
1086 2393 1172 2473 peri·

273 2487 363 2566 culis,
387 2490 444 2570 qui
473 2499 640 2571 temperas
666 2489 798 2572 flagella
821 2491 901 2555 dum
926 2490 1102 2569 uerberas;
1137 2500 1171 2556 te

274 2608 362 2671 ergo,
392 2589 534 2666 domine,
565 2587 730 2671 supplices
759 2590 984 2671 deprecamur,
1014 2600 1052 2655 ut
1083 2589 1171 2655 hunc

273 2686 434 2751 famulum
452 2697 547 2751 tuum
569 2686 624 2752 ill.
644 2708 738 2753 eruas
759 2688 802 2753 ab
822 2687 884 2752 hac
902 2689 1081 2754 uexatione
1101 2691 1171 2754 dia·

273 2786 360 2863 boli;
382 2797 420 2852 ut
440 2808 506 2850 non
523 2788 691 2871 preualeat
709 2789 859 2852 inimicus
875 2808 980 2871 usque
999 2789 1042 2853 ad
1061 2790 1171 2872 anime

273 2888 537 2970 temptationem.
584 2886 677 2952 Sicut
694 2889 728 2951 in
747 2887 801 2952 iob
817 2889 994 2952 terminum
1015 2889 1044 2951 ei
1065 2908 1170 2972 pone3

274 3005 316 3050 ne
341 2987 491 3051 inimicus
515 2987 557 3051 de
581 2988 692 3052 anima
714 2987 816 3065 istius,
839 2987 910 3054 sine
934 2989 1080 3052 remedio
1103 2997 1170 3052 tuae

273 3085 614 3170 saluationis,incipiat
624 3087 834 3169 triumphare.
859 3087 1169 3165 Defendedomine,

274 3186 402 3249 exitum
426 3188 550 3265 mortis,
565 3197 599 3251 et
621 3188 768 3269 spacium
791 3187 870 3250 uitae
893 3188 1049 3264 extende,
1064 3197 1098 3252 et
1120 3208 1169 3252 re-

274 3289 349 3354 leua
369 3291 412 3354 ab
430 3289 534 3356 hostis
556 3291 691 3374 maligni
710 3293 983 3375 temptationibus
1004 3303 1037 3356 et
1058 3290 1169 3375 figuris

273 3387 543 3470 phantasmatum
566 3389 727 3455 famulum
746 3401 849 3466 tuum,
868 3411 967 3474 quem
986 3394 1103 3457 creasti
1125 3395 1168 3457 ad

273 3488 452 3571 imaginem
489 3500 592 3568 tuam,
612 3500 660 3562 ¹et
696 3491 864 3555 redemisti
902 3491 1009 3573 pretio
1047 3513 1169 3575 magno

273 3589 377 3651 sancti
401 3590 568 3672 sanguinis
591 3588 648 3652 filii
672 3589 729 3653 tui.
775 3589 814 3652 In
837 3591 929 3654 cuius
952 3591 1073 3654 uirtute
1096 3612 1170 3675 pre·

273 3687 357 3770 cipio
387 3689 456 3768 tibi,
479 3691 754 3771 quicumquees,
779 3691 938 3755 inmunde
967 3693 1109 3775 spiritus,
1133 3703 1170 3759 ut

273 3807 374 3853 exeas
390 3797 424 3852 et
440 3790 574 3854 recedas
594 3789 637 3853 ab
653 3789 716 3854 hoc
732 3789 857 3854 famulo
872 3791 935 3855 dei.
982 3791 1168 3876 Disrumpe,

272 3889 414 3969 domine,
443 3911 502 3973 per
532 3889 713 3955 maiestatis
743 3901 811 3957 tuae
846 3892 1018 3974 imperium
1053 3914 1169 3960 omnes

272 3988 408 4073 laqueos
431 4000 547 4056 satane
569 3992 688 4073 quibus
710 4001 761 4057 est
783 3992 975 4074 conligatus,
998 4004 1032 4059 et
1054 3995 1169 4060 auxilii

272 4090 320 4154 tui
338 4092 476 4154 ostende
497 4092 654 4156 uirtutem
676 4101 710 4156 et
731 4113 816 4175 opus
835 4093 1066 4158 misericordiae
1083 4104 1168 4170 tuae3

273 4198 309 4252 ut
331 4188 453 4274 iugatis
474 4189 726 4267 infirmitatibus,
747 4213 829 4256 sana
850 4201 969 4269 mente,
991 4203 1024 4257 et
1044 4194 1168 4258 uiribus

272 4290 489 4372 sensibusque
504 4291 679 4363 renouatis,
697 4311 818 4356 nomen
834 4303 984 4357 sanctum
1000 4303 1103 4372 tuum,
1119 4295 1167 4358 in-

272 4399 418 4455 staurata
432 4391 583 4469 sanitate,
599 4392 747 4473 protinus
762 4391 949 4458 benedicat.
995 4394 1056 4458 Per
1065 4391 1085 4458 ¹.

672 4583 763 4649 Alia.

313 4706 437 4790 Vnguo
460 4716 495 4772 te
519 4708 562 4771 de
585 4706 660 4772 oleo
682 4708 896 4788 sanctificato,
915 4722 951 4775 ut
975 4710 1111 4776 salueris
1134 4712 1166 4777 in

270 4807 402 4869 nomine
417 4807 529 4889 patris,
545 4815 578 4870 et
594 4806 660 4886 filii,
676 4818 710 4872 et
729 4809 862 4892 spiritus
882 4813 986 4875 sancti
1005 4813 1038 4876 in
1057 4812 1167 4878 secula

270 4905 462 4972 seculomm.
506 4904 629 4971 Amen.

281 5188 431 5272 inpertitis
447 5207 588 5255 nanunn
605 5208 693 5274 snper
707 5195 923 5272 nnnnntnnn
942 5195 1151 5262 caticuminum.

310 5336 531 5420 Omnipotens
545 5339 745 5422 sempiterne
757 5342 848 5418 deus,
860 5363 881 5405 a
893 5342 983 5408 cuius
998 5343 1081 5409 facie
1092 5345 1163 5409 caeli

1225 1577 1330 1642 sancti
1346 1587 1512 1660 percepto,
1527 1588 1693 1659 sequatur.
1739 1578 1801 1643 Per
1809 1576 1831 1642 ¹.

1383 1849 1464 1914 litent
1480 1851 1540 1914 alia
1555 1868 1606 1933 pru
1623 1853 1747 1933 paruulo
1765 1859 1956 1932 tnnnnrntnu.

1270 1995 1423 2075 Domine,
1435 2005 1549 2060 sancte
1560 2005 1662 2079 pater,
1674 1997 1884 2081 omnipotens
1895 2009 2017 2065 aeteme
2029 2002 2121 2078 deus,

1225 2095 1381 2159 uirtutem
1408 2105 1501 2160 tuam
1531 2097 1611 2160 totis
1641 2115 1744 2161 exoro
1763 2099 1946 2186 gemitibus
1973 2120 2033 2183 pro
2059 2101 2121 2166 hoc

1224 2194 1349 2259 famulo
1375 2203 1433 2259 tuo
1458 2195 1514 2260 .ill.
1539 2217 1560 2260 a
1585 2195 1720 2260 diabolo
1746 2187 1914 2281 oppresso,
1939 2200 1995 2282 qui
2020 2201 2122 2266 etiam

1225 2295 1367 2378 indignis
1382 2295 1469 2359 inter
1479 2315 1646 2378 pressuras
1661 2298 1767 2361 donas
1779 2298 1978 2381 presidium3
1997 2321 2122 2383 exurge

1225 2414 1284 2476 pro
1304 2393 1400 2458 huius
1419 2394 1557 2460 infantia
1571 2395 1749 2472 debellata,
1765 2407 1799 2461 et
1817 2397 1884 2461 noli
1904 2398 1960 2462 diu
1982 2401 2122 2465 retinere

1225 2494 1424 2569 uindictam3
1451 2514 1511 2559 nec
1533 2505 1612 2560 ante
1634 2506 1849 2579 conspectum
1870 2506 1965 2562 tuum
1987 2500 2123 2565 ueniant

1224 2604 1398 2676 parentum
1422 2593 1552 2672 delicta,
1568 2594 1623 2676 qui
1647 2616 1706 2659 nec
1729 2616 1789 2678 pro
1812 2596 1879 2660 filio
1902 2609 2039 2680 patrem,
2062 2619 2122 2664 nec

1224 2713 1283 2776 pro
1307 2704 1402 2776 patre
1424 2695 1601 2775 promisisti
1629 2694 1732 2759 filium
1759 2696 1924 2772 iudicare3
1953 2699 2122 2777 auxiliare,

1225 2812 1411 2875 quesumus,
1428 2793 1549 2858 inimici
1571 2793 1679 2859 surore
1694 2808 1827 2872 uexato,
1844 2817 1886 2862 ne
1906 2798 1976 2861 sine
1995 2798 2121 2881 baptis-

1224 2904 1314 2957 mate
1339 2892 1440 2958 iacias
1470 2894 1539 2957 eius
1565 2895 1710 2958 animam
1737 2915 1756 2958 a
1780 2896 1913 2960 diabolo
1938 2898 2121 2980 possideri3

1223 2991 1281 3054 sed
1306 2995 1416 3074 potius
1443 3003 1557 3057 tenera
1580 3003 1671 3069 aetas,
1695 2994 1830 3078 maligni
1854 2997 2121 3079 oppressionibus

1223 3088 1370 3169 liberata,
1387 3092 1446 3156 tibi
1463 3092 1581 3157 reserat
1596 3095 1718 3177 gratias
1734 3095 1959 3178 sempiternas.
1998 3097 2083 3161 Pera

1388 3377 1468 3442 litent
1484 3395 1572 3461 snpn
1590 3381 1774 3458 rnnnnninn
1789 3381 1946 3464 baptisati.

1266 3526 1359 3590 Deus
1387 3525 1590 3609 angelorum,
1617 3528 1699 3591 deus
1729 3527 2009 3610 archangelorum,
2037 3532 2119 3595 deus

1221 3626 1468 3708 prophetarum,
1480 3626 1561 3690 deus
1579 3627 1813 3708 apostolorum,
1830 3629 1911 3692 deus
1927 3639 2119 3713 martyrum,

1222 3726 1304 3790 deus
1334 3726 1565 3802 confessorum,
1596 3727 1678 3790 deus
1707 3727 1881 3811 uirginum,
1913 3730 1995 3793 deus
2025 3741 2121 3813 pater

1221 3825 1348 3890 domini
1366 3826 1468 3891 nostri
1491 3825 1584 3890 ihesu
1606 3825 1728 3902 christi,
1745 3829 1864 3892 inuoco
1886 3839 2036 3893 sanctum
2059 3850 2118 3894 no-

1222 3945 1299 3988 men
1311 3935 1413 4001 tuum,
1424 3945 1462 3989 ac
1475 3925 1621 4007 preclare
1636 3927 1818 3991 maiestatis
1829 3935 1896 3992 tuae
1908 3929 2118 3993 clementiam

1221 4025 1364 4107 supplex
1377 4046 1489 4102 exoro,
1499 4035 1536 4088 ut
1551 4024 1630 4088 mibi
1642 4026 1801 4089 auxilium
1818 4037 1964 4109 prestare
1975 4029 2119 4111 digneris

1221 4126 1378 4189 aduersus
1408 4125 1493 4189 hunc
1525 4125 1760 4207 nequissimum
1790 4127 1950 4208 spiritum,
1975 4138 2021 4207 ut,
2047 4130 2119 4193 ubi·

1221 4245 1364 4309 cumque
1378 4225 1472 4303 latet,
1488 4227 1602 4290 audito
1618 4225 1750 4290 nomine
1766 4237 1833 4306 tuo,
1848 4227 2004 4291 uelociter
2019 4239 2118 4292 exeat

1220 4325 1274 4389 uel
1297 4326 1440 4390 recedat.
1486 4323 1565 4408 Ipse
1586 4325 1646 4388 tibi
1669 4325 1817 4408 imperat,
1839 4326 1979 4402 diabole,
1996 4328 2052 4409 qui
2075 4329 2118 4392 de

1220 4425 1368 4508 supernis
1388 4424 1542 4489 caelorum
1559 4426 1591 4487 in
1607 4424 1758 4489 inferiora
1773 4435 1868 4489 terrae
1884 4426 2023 4510 dimergi
2043 4447 2116 4508 pre·

1219 4527 1329 4607 cepit;
1362 4525 1432 4607 ipse
1459 4526 1519 4588 tibi
1546 4526 1697 4606 imperat,
1725 4525 1780 4608 qui
1808 4534 1984 4589 retrorsum
2011 4527 2117 4591 redire

1219 4625 1376 4707 precepit.
1420 4623 1513 4687 Audi
1535 4644 1613 4707 ergo
1637 4633 1670 4688 et
1692 4625 1781 4702 time,
1797 4635 1938 4702 satanas,
1954 4626 2060 4689 uictus
2083 4636 2117 4690 et

1219 4733 1419 4807 prostratus3
1456 4724 1599 4787 abscede
1632 4723 1666 4787 in
1696 4725 1829 4788 nomine
1859 4724 1984 4788 domini
2014 4727 2116 4788 nostri

1218 4823 1310 4888 ihesu
1333 4823 1455 4889 christi.
1499 4821 1553 4886 Tu
1577 4843 1663 4907 ergo,
1681 4823 1884 4906 iniquissime
1906 4834 2047 4902 satanas,
2067 4825 2114 4888 in-

1218 4922 1334 4987 imicus
1352 4922 1438 5000 fidei,
1453 4921 1587 5006 (hostis)
1602 4923 1729 5006 generis
1744 4922 1888 4998 humani,
1906 4924 2021 4986 mortis
2041 4943 2115 5005 rap·

1218 5033 1278 5101 tor,
1308 5023 1440 5087 iustitiae
1470 5021 1659 5099 declinator,
1686 5022 1846 5085 malorum
1877 5023 1982 5101 radix,
2009 5021 2115 5087 fomes

1218 5122 1380 5200 uitiorum,
1403 5122 1556 5187 seductor
1583 5120 1764 5196 hominum,
1787 5121 1933 5204 perditor
1957 5123 2115 5203 gentium,

1217 5223 1370 5287 incitator
1389 5220 1520 5303 inuidie,
1536 5220 1629 5304 origo
1651 5220 1795 5296 auar'itie,
1814 5240 1914 5290 causa
1932 5221 2114 5301 discordiae,

1217 5323 1381 5386 excitator
1411 5320 1573 5398 dolorum,
1606 5321 1762 5403 magister
1791 5321 1991 5396 daemonum,
2023 5320 2114 5405 Quid

267 5435 436 5514 distillant,
468 5449 598 5503 montes
628 5439 713 5504 sicut
746 5460 821 5518 cesa
855 5440 1047 5524 liquescunt,
1076 5453 1163 5509 tem
1215 5431 1284 5486 stas
1300 5431 1334 5485 et
1351 5421 1483 5495 resistis,
1500 5439 1575 5484 curn
1596 5419 1660 5483 scis
1675 5438 1750 5482 eum
1766 5430 1840 5484 tuas
1856 5421 1992 5502 perdere
2007 5423 2114 5487 uires?

524 5627 535 5660 ¹
551 5629 583 5682 V.
595 5645 621 5696 p.
634 5629 689 5694 236,
700 5631 775 5682 much
786 5631 878 5684 varied.

1491 5633 1501 5663 ¹
1517 5632 1572 5685 cu
1583 5649 1610 5700 r·
1622 5643 1683 5700 ⁵973
1695 5632 1726 5684 V·
1737 5648 1763 5699 1>-
1778 5643 1832 5696 ²³7·
1856 5717 1879 5783 h

1813 5731 1840 5782 u
