5122 6610
451 617 519 708 148
747 613 794 700 s.
814 613 906 708 limi
929 615 1046 710 ΒΜ.
1707 616 1754 703 i'e·
1772 615 1878 712 itaut
1901 617 2040 756 apost..

423 781 514 882 'fide
539 824 574 883 et
603 815 738 881 nomine
763 814 970 896 consecrasti,
992 815 1116 900 quique
1140 814 1277 880 beatum
1305 815 1351 881 illi
1709 815 1771 882 Ad
1780 816 2008 902 complendum.

446 918 582 1001 paulum
600 918 643 982 ad
659 916 897 1001 predicandum
919 917 1074 999 gentibus
1096 914 1236 999 gloriam
1258 926 1351 980 tuam
1449 941 1544 1027 Quos
1567 942 1699 1021 αἰδῇ,
1732 943 2310 1030 domine,31;mentosatiasfiapo,

447 1019 572 1082 3005212
598 1016 754 1100 dignatus
780 1036 824 1093 0⁵2
847 1016 992 1081 meede
1017 1025 1055 1081 ut
1078 1036 1204 1095 ⁰m1¹e⁵2
1226 1016 1284 1099 (1αἱ
1308 1017 1352 1080 ad
1405 1043 1529 1107 stolicis
1566 1041 1855 1108 intercessionibus
1898 1044 1942 1109 ab
1980 1043 2071 1108 omni
2108 1047 2310 1119 aduersitate

446 1115 674 1200 apostolorum
719 1124 852 1180 tuomm
896 1115 1072 1179 sollemnia
1115 1124 1352 1192 conuenerunt,
1406 1142 1544 1208 custodi,
1589 1143 1674 1208 Pers

447 1214 585 1299 spiritali
603 1215 868 1280 remuneratione
883 1209 1038 1280 ditentur.
1082 1215 1170 1279 Pers
1739 1229 1801 1295 Ad
1813 1239 1965 1313 uesperos,

1451 1353 1673 1439 Omnipotens
1702 1355 1902 1439 sempiterne
1931 1355 2023 1434 deus,
2049 1355 2106 1439 qui
2136 1356 2308 1423 eeclesiam

535 1473 610 1540 llll,
625 1472 684 1539 lul.
698 1473 750 1538 tut
783 1470 1264 1556 Norensemtpmfgpflmu1‚
1407 1463 1500 1517 tuam
1527 1455 1559 1518 in
1585 1454 1769 1537 apostolica
1794 1453 1964 1520 soliditate
1989 1454 2163 1522 fundatam
2192 1458 2236 1522 ab
2261 1458 2311 1522 in·

1406 1553 1573 1618 femorum
1600 1555 1685 1619 eruis
1709 1564 1832 1620 terrore
1906 1565 2032 1620 rtarum
2093 1575 2144 1620 res
2275 1556 2308 1620 in

491 1605 631 1685 DEUS’
647 1604 735 1690 QUI
755 1605 1005 1720 HQDIERNnM
1029 1621 1125 1720 DQ
1146 1622 1354 1724 neosroto:
1408 1663 1467 1718 tua
1492 1655 1631 1718 ueritate
1657 1655 1835 1738 persistens
1860 1575 1953 1718 gilla
1979 1575 2117 1737 recipiat
2145 1564 2309 1721 {dublinia

448 1721 533 1773 RUM
545 1720 707 1788 TUORUM
722 1715 808 1790 petrr
824 1715 857 1770 et
873 1705 962 1789 paulr
974 1717 1131 1790 martyno
1147 1717 1354 1786 consecrastr,
1452 1752 1620 1818 [fidorum.
1666 1754 1752 1818 Pero,

448 1808 494 1872 da
516 1805 663 1872 ecclesiae
689 1815 756 1870 tuae
783 1824 898 1868 eorum
924 1804 957 1868 in
983 1807 1138 1871 omnibus
1161 1807 1254 1890 sequi
1281 1827 1354 1889 pre·
1408 1773 1451 1837 pe
1814 1839 1906 1905 Alia·

448 1915 593 1988 ceptum,
621 1925 681 1990 per
705 1923 789 1987 quos
811 1903 979 1987 religionis
1002 1904 1144 1988 sumpsit
1170 1908 1354 1972 exordium.

448 2006 535 2071 Pers
1452 1963 1628 2029 Familiam
1653 1974 1756 2044 tuam,
1774 1985 1964 2048 quesumus,
1985 1964 2129 2044 domine,
2148 1965 2309 2048 propitius

830 2089 970 2156 Semta,
1407 2063 1542 2140 intuere,
1562 2073 1596 2128 et
1611 2064 1804 2149 apostolicis
1816 2064 1957 2130 deiende
1972 2065 2130 2147 presidiis,
2143 2074 2180 2129 ut
2196 2085 2307 2129 eorum

493 2216 643 2294 Hostias,
665 2236 853 2300 quesumus,
875 2215 1020 2286 domine,
1042 2236 1126 2298 quas
1149 2217 1274 2281 nomini
1296 2227 1355 2281 tuo
1407 2163 2306 2279 prfcqusfflbemetmqfflbqsnititur’te⁰⁰⁰⁸ti.tuente'

1406 2263 1618 2347 pnncrprbus.
1694 2263 1756 2328 Per
1792 2265 1965 2329 dommum
2003 2272 2152 2328 nostrum
2181 2262 2306 2327 rhesum

447 2318 625 2381 sacrandas
633 2315 803 2380 offerimus
814 2315 997 2397 apostolica
1008 2325 1228 2399 prosequatur
1238 2318 1353 2392 orati0,
1467 2365 1474 2378 .
1618 2364 1625 2378 .

446 2435 630 2500 perquam
657 2435 717 2480 nos
740 2415 868 2500 expiari
896 2416 1013 2482 tribuis
1040 2424 1074 2480 et
1099 2415 1247 2481 delendi.
1293 2416 1356 2481 Per
1407 2362 1565 2428 ehnstum
1581 2362 1710 2428 ΗΜ]
1811 2448 1903 2515 Alia·

448 2516 648 2580 dominum?
775 2579 778 2586 ,
1688 2574 1696 2590 ·

810 2600 984 2683 meatio,
1445 2573 1593 2658 Protege,
1605 2575 1749 2653 domrne,
1756 2573 1918 2657 populum
1929 2582 2033 2648 tuum,
2040 2581 2074 2638 et
2082 2575 2307 2656 apostolorum

494 2725 527 2791 U
560 2726 593 2790 D
626 2745 760 2808 aequum
782 2735 817 2790 et
839 2725 983 2792 salutare
1037 2727 1096 2806 Te.
1119 2727 1253 2792 domine
1278 2713 1326 2792 su·
1342 2762 1356 2777 .
1408 2675 1591 2757 patrocinio
1612 2673 1835 2739 confidentem
1850 2683 2011 2757 perpetua
2026 2671 2216 2739 defensione
2233 2695 2309 2740 con.

529 2774 537 2791 ⁴
596 2775 603 2791 ⁸
985 2775 993 2792 ’
1255 2774 1261 2802 ’
1318 2748 1341 2811 p
1409 2793 1515 2838 serua.
1539 2773 1624 2840 Per.t

448 2825 580 2910 pliciter
594 2845 741 2900 exorare,
760 2835 798 2891 ut
815 2846 952 2910 gregem
970 2836 1074 2902 tuum,
1091 2835 1205 2910 pastor
1225 2834 1356 2906 aeteme‚
1813 2858 1903 2924 Alia·

449 2945 516 2990 non
531 2927 674 3004 deseras,
690 2925 749 2989 sed
771 2944 833 3010 per
845 2926 964 2991 beatos
986 2926 1157 3009 apostolos
1179 2935 1256 2990 tuos
1278 2946 1356 2992 con·

448 3026 543 3090 tinua
565 3025 771 3108 protectione
793 3026 969 3105 custodias,
986 3025 1036 3091 Ut
1051 3025 1157 3090 isdem
1174 3026 1356 3090 rectoribus

450 3125 663 3206 gubernetur,
679 3145 764 3208 quos
785 3125 896 3208 operis
918 3125 966 3190 tui
988 3125 1129 3191 uicarios
1151 3125 1260 3190 eidem
1278 3145 1356 3192 con·

450 3222 556 3288 tulisti
573 3242 718 3307 praeesse
732 3233 892 3311 pastores.
937 3224 984 3291 Et
999 3225 1074 3290 ideo
1083 3223 1106 3291 ².

1453 2984 1587 3050 Exaudi
1611 3004 1679 3061 nos,
1694 2983 1776 3048 deus
1797 2982 1951 3048 salutaris
1975 2995 2095 3061 noster,
2119 2994 2153 3049 et
2174 2995 2309 3067 aposto-

1408 3083 1516 3149 lorum
1541 3093 1674 3148 tuorum
1699 3091 1791 3146 tuere
1817 3083 1987 3167 praesidiis,
2014 3103 2154 3165 quomm
2181 3085 2309 3149 donasti

1408 3183 1523 3250 fideles
1537 3203 1608 3247 esse
1622 3183 1787 3250 doctrinis
1833 3183 1895 3246 Per
1903 3181 1939 3246 ¹.⁷

805 3412 1000 3480 emeno,
1499 3393 1552 3460 llll.
1566 3393 1626 3459 ut
1640 3394 1692 3460 uu
1724 3392 1838 3459 Nutalr
1851 3393 1948 3459 ruunt
1961 3394 2044 3475 pauli
2058 3396 2215 3476 apertuit&

496 3537 677 3604 Benedicat
714 3538 809 3605 uobis
841 3539 1054 3623 omnipotens
1088 3538 1178 3617 deus,
1208 3538 1265 3621 qui
1296 3560 1356 3604 uos
1451 3528 1552 3607 Deus,
1574 3527 1630 3611 qul
1658 3526 1905 3592 multitudinem
1928 3527 2078 3610 gentium
2104 3528 2194 3593 beati
2220 3527 2309 3610 Pauli

451 3639 631 3722 beatipetri
641 3636 1356 3714 saluberrimaconfessione‚inecclesiasticae
1406 3626 1549 3710 apostoli
1573 3627 1799 3711 predicatione
1823 3627 1974 3704 docuisti,
1998 3627 2042 3690 da
2064 3626 2168 3700 ¹¹0bisr
2192 3647 2310 3708 quesn·

451 3736 530 3801 fidei
546 3737 698 3802 fundauit
712 3737 925 3804 soliditatem,
969 3737 1095 3803 Amen,
1408 3747 1490 3805 mus,
1521 3736 1558 3792 ut
1587 3727 1678 3792 cuius
1711 3725 1859 3791 natalitia
1889 3725 2026 3790 colimus
2057 3727 2126 3790 eius
2155 3725 2245 3810 apud
2275 3736 2310 3792 te

497 3837 544 3902 Et
558 3858 643 3920 quos
656 3838 746 3902 beati
767 3837 857 3921 pauli
879 3838 1087 3902 sanctissima
1104 3837 1261 3902 instruxit
1281 3857 1356 3921 pre·
1407 3826 1590 3911 patrocinia
1607 3826 1800 3893 sentiamus·
1846 3825 1931 3890 Per-⁷

453 3936 619 4002 dicatione
634 3958 694 4002 sua
713 3957 774 4001 uos
796 3947 927 4002 tueatur
947 3938 1135 4021 gratissima
1156 3937 1355 4004 defensione.

452 4034 576 4100 Amen.

497 4135 670 4219 Quatenus
685 4145 798 4219 petrus
807 4135 909 4211 clauc,
922 4135 1043 4220 paulus
1058 4155 1219 4214 sermone,
1225 4137 1356 4220 utrique

453 4231 696 4311 intercessione,
711 4233 755 4297 ad
771 4234 863 4299 illam
879 4256 938 4300 uos
957 4244 1083 4300 certent
1097 4238 1240 4320 patriam
1255 4237 1356 4302 intro-

455 4335 585 4410 ducere,
610 4332 654 4398 ad
681 4353 783 4416 quam
809 4333 865 4414 illi,
887 4335 972 4399 alter
997 4355 1101 4413 cruce,
1124 4335 1210 4401 alter
1233 4337 1356 4420 gladio,

454 4433 614 4498 hodierna
629 4433 685 4498 die
698 4443 925 4516 penrenerunt.
971 4434 1094 4498 Amen.

499 4532 602 4617 Quod
617 4533 688 4616 ipse
702 4541 862 4616 praestare
876 4534 1031 4616 dignetur
1039 4535 1062 4598 ³.

1787 3976 1927 4043 Secreta.

1451 4102 1611 4168 Ecclesiae
1640 4112 1717 4178 tuae‚
1746 4121 1933 4185 quesumus,
1959 4100 2102 4176 domine,
2133 4120 2246 4184 preces
2274 4113 2308 4167 et

1406 4202 1533 4268 hostias
1563 4202 1746 4286 apostolica
1772 4201 1983 4266 commendet
2012 4201 2128 4276 oratio,
2155 4210 2193 4266 ut
2218 4201 2307 4284 quod

1409 4323 1469 4386 pro
1495 4302 1625 4367 illorum
1651 4301 1755 4386 gloria
1781 4297 1986 4378 celebramus
2013 4300 2108 4365 nobis
2134 4299 2239 4384 prosit
2264 4300 2307 4364 ad

1409 4401 1550 4467 ueniam.
1589 4401 1675 4466 Pers!

1769 4485 1943 4568 Proefatr'o.

1453 4613 1497 4680 U.
1506 4614 1550 4678 D.
1565 4622 1689 4678 aeteme
1703 4613 1786 4677 deus
1795 4611 1817 4674 ³.
1842 4611 1888 4677 Et
1904 4613 2112 4675 maiestatem
2124 4619 2217 4675 tuam
2232 4631 2309 4694 sup-

1410 4712 1539 4797 pliciter
1559 4732 1706 4792 exorare,
1730 4721 1768 4776 ut
1795 4710 1968 4776 ecclesiam
1991 4721 2084 4775 tuam
2106 4710 2196 4775 beati
2220 4711 2307 4794 pauli

490 4807 541 4858 Ἀ·
553 4807 626 4858 Nunc
633 4808 690 4900 scio
702 4823 767 4859 uere.
799 4886 806 4899 0
966 4821 1009 4862 0¹²·
1022 4809 1174 4862 eonstitues.
1218 4886 1224 4899 ι
1409 4813 1551 4897 apostoli
1581 4813 1628 4877 tui
1666 4811 1903 4896 praedicatione
1939 4810 2058 4874 edocta
2095 4808 2186 4873 nulla
2222 4809 2308 4874 sinas

514 4897 545 4935 rs
563 4887 681 4948 Donnne,
694 4887 815 4953 probasti.
965 4898 1008 4937 co.
1019 4887 1112 4951 Symou
1123 4887 1246 4938 iobeums.

514 4976 541 5014 ι.
553 4964 704 5016 Constitnes.
967 4966 1038 5027 (uc,
1052 4965 1123 5015 Misit
1134 4965 1239 5015 herodes
1250 4980 1300 5016 rex.
1443 4967 1451 4994 ¹
1470 4980 1488 5016 ÷
1503 4965 1573 5015 Alrb.
1592 4965 1668 5026 Deus,
1677 4965 1720 5029 qui
1729 4965 1805 5014 besto
1815 4960 1933 5028 apostolo
1945 4969 1989 5010 tuo
1997 4969 2068 5027 petro
2080 4959 2187 5011 conlatis
2199 4961 2309 5012 clsurbns

515 5054 542 5094 v.
555 5041 604 5092 Pro
615 5043 735 5109 patribus.
965 5053 1011 5092 tw.
1023 5043 1098 5094 Venit
1109 5042 1211 5108 ibana).
1410 5043 1479 5108 regui
1496 5042 1601 5092 caelestis
1616 5043 1712 5092 enimes
1728 5040 1824 5106 ligendi
1841 5046 1916 5104 etque
1933 5038 2045 5089 soluendi
2063 5038 2220 5104 pontificium
2236 5039 2310 5090 tradi-

515 5131 559 5170 ru„
570 5120 610 5170 Tu
621 5137 647 5172 es
658 5129 749 5187 petrus
1410 5121 1476 5182 disti,
1488 5121 1596 5170 concede
1607 5127 1635 5171 ut
1646 5119 1827 5170 intercessionis
1841 5119 1896 5168 eius
1906 5117 2009 5180 auxilio,
2020 5134 2037 5168 s
2048 5125 2206 5184 pecemorrun
2216 5123 2310 5168 nostro

491 5196 504 5226 ’
517 5198 550 5250 V.
559 5197 591 5248 ll.
598 5197 641 5248 lol
649 5199 682 5264 98
691 5198 716 5248 b.
736 5199 863 5265 Prrp‘atr'o.
883 5198 959 5264 Apud
970 5213 1043 5264 quern
1054 5213 1110 5248 cum
1118 5199 1249 5251 beatorum
1259 5205 1359 5265 sposto-
1410 5215 1464 5250 rum
1475 5198 1580 5248 nexibus
1590 5197 1730 5250 liberemur.
1765 5197 1820 5248 Per.
1833 5197 1861 5246 Z.

459 5277 541 5325 lorum
552 5277 697 5327 coutinusta
707 5276 836 5335 festiditas,
847 5277 1015 5342 triumphique
1026 5277 1130 5328 orelestis
1137 5285 1257 5344 perpetus
1269 5287 1359 5330 aereme
1443 5275 1454 5305 ¹
1471 5279 1524 5340 (ΕΡ.
1536 5275 1634 5326 Notum
1645 5274 1718 5325 uobis
1729 5274 1802 5325 facio.
1918 5283 1945 5325 V.
1956 5272 2046 5324 Gratia
2057 5273 2104 5324 dei·

459 5354 493 5403 sit
504 5353 641 5404 celebriter.
664 5355 746 5405 Nobis
758 5363 840 5405 tamen
851 5369 937 5404 eornm
948 5355 1012 5406 fests
1022 5357 1111 5406 annuis
1122 5357 1259 5407 recursibus
1271 5357 1360 5407 tribuis
1470 5364 1514 5404 ιν.
1527 5353 1593 5403 Eece
1604 5369 1650 5404 nos
1660 5353 1825 5418 reliquimus).
1918 5363 1962 5401 At.
1974 5351 2096 5403 Gaudete.

460 5433 620 5497 frequentare,
633 5440 660 5484 nt
672 5439 697 5484 et
708 5432 808 5484 illorum
823 5433 934 5500 passioni
948 5434 982 5484 sit
995 5435 1123 5484 uetustis
1139 5449 1170 5482 ex
1183 5441 1267 5484 nostra
1283 5435 1359 5484 deuo·
1468 5444 1495 5482 n.
1507 5431 1566 5482 Scio
1578 5431 1617 5482 cni
1629 5431 1730 5482 credidi.
1919 5440 1963 5482 or.
1976 5430 2040 5480 Mihi
2052 5439 2144 5484 autem.

460 5511 537 5568 tione.
549 5511 658 5561 etnobis
669 5511 787 5561 auxilium
796 5512 926 5576 proueniat
936 5511 969 5562 de
979 5526 1067 5562 eorum
1078 5512 1235 5563 sanctissime
1246 5512 1359 5564 interces-
1469 5522 1506 5560 rs.
1519 5509 1635 5572 Domine,
1648 5510 1766 5574 probasti.
1919 5519 1962 5560 co,
1979 5509 2060 5558 Amen
2079 5508 2138 5559 dico
2155 5509 2227 5559 uobis
2242 5509 2312 5575 quod

460 5587 538 5638 sione.
570 5586 618 5636 Per
628 5586 754 5641 christum.
778 5588 805 5638 Z.
1469 5601 1495 5640 ι.
1508 5589 1557 5654 Qui
1570 5597 1694 5655 operatus
2002 5605 2047 5641 uos
2058 5591 2102 5658 qui
2113 5589 2254 5656 reliquistis.

493 5663 552 5716 Ι0.
562 5681 588 5732 p.
600 5675 656 5728 373.
1445 5666 1455 5697 ¹
1472 5667 1499 5718 Z.
1511 5667 1562 5732 Qui
1574 5667 1705 5732 ecclesiam
1716 5675 1793 5731 turm,
1806 5674 1870 5730 ete.;
1887 5667 1982 5720 erased.
2005 5668 2037 5718 Y.
