5124 6608
563 587 711 664 aaran
735 584 884 662 Domini.

551 833 593 898 ln
614 849 737 900 uermes
755 832 892 900 ueniat&

533 992 595 1058 Ad
608 1002 757 1058 sanctum
770 1003 908 1076 petmm.

321 1118 560 1194 CONCEDE,
625 1118 905 1202 QUESUMUS,
974 1115 1176 1182 ΟΜΝΙΡΟ-

277 1220 401 1288 TENS
430 1218 570 1292 DEUS,
595 1218 661 1284 UT
686 1218 775 1302 QUI
801 1216 1065 1283 HODIERNA
1092 1216 1177 1280 DIE

278 1317 595 1388 UNIGENITUM
643 1316 787 1383 TUUM
835 1319 1080 1400 redemptorem
1119 1338 1178 1381 no·

276 1432 378 1487 stmm
402 1420 445 1484 ad
471 1417 570 1482 caelos
600 1418 790 1482 ascendisse
816 1419 980 1484 credimus
1007 1417 1069 1501 ipsi
1095 1437 1178 1499 quo-

275 1555 339 1616 que
359 1541 472 1597 mente
487 1530 520 1594 in
536 1531 723 1595 caelestibus
737 1529 935 1595 habitemus.
960 1528 1023 1594 Per
1035 1531 1178 1595 eundem

275 1634 471 1699 dominum!

610 1729 717 1812 Super
730 1729 846 1796 oblata.

321 1855 469 1939 Suscipe,
500 1853 643 1931 domine,
675 1875 811 1920 munera
844 1877 920 1938 quae
950 1876 1010 1938 pro
1043 1853 1100 1918 filii
1130 1855 1179 1919 tui

277 1956 419 2042 gloriosa
448 1954 639 2019 ascensione
665 1955 852 2035 deferimus,
874 1967 909 2022 et
934 1956 1079 2021 concede
1105 1974 1180 2037 pro-

278 2056 387 2141 pitius,
417 2065 454 2120 ut
480 2075 501 2118 a
525 2054 734 2137 presentibus
758 2056 910 2138 periculis
937 2056 1122 2129 liberemur,
1146 2064 1180 2119 et

280 2157 322 2221 ad
338 2155 441 2220 uitam
457 2155 688 2237 perueniamus
703 2165 874 2222 aeternam.
911 2156 974 2222 Per
989 2157 1157 2221 eundems

646 2343 810 2425 prefata.

325 2471 369 2537 U.
384 2471 427 2535 D.
448 2490 509 2554 per
530 2469 689 2535 christum
712 2471 885 2536 dominum
909 2481 1068 2537 nostrum.
1114 2471 1182 2556 Qui

282 2580 357 2656 post
373 2571 642 2635 resurrectionem
656 2594 750 2638 suam
763 2572 916 2638 omnibus
931 2571 1100 2655 discipulis
1115 2572 1182 2636 suis

284 2670 475 2736 manifestus
509 2672 673 2754 apparuit,
709 2684 743 2739 et
775 2673 854 2756 ipsis
887 2672 1095 2738 cernentibus
1132 2679 1183 2736 est

283 2771 429 2836 eleuatus
442 2770 474 2834 in
486 2770 612 2847 caelum,
623 2783 660 2838 ut
675 2794 735 2838 nos
747 2772 929 2837 diuinitatis
943 2793 1012 2836 suae
1025 2770 1183 2836 tribueret

283 2891 353 2936 esse
367 2871 555 2954 participes.
600 2871 647 2937 Et
663 2873 739 2937 ideo
754 2893 829 2937 cum
845 2871 1049 2955 archangelis
1058 2870 1082 2936 ².

578 3059 681 3142 Insra
696 3062 851 3126 actionem
861 3059 885 3124 ³.

328 3182 628 3266 communicantes,
649 3195 684 3252 et
704 3187 793 3252 diem
816 3185 1074 3252 sacratissimum
1098 3185 1184 3251 cele·

283 3285 423 3365 brumes,
439 3306 506 3369 quo
521 3286 674 3351 dominus
686 3298 798 3353 noster
812 3286 998 3371 unigenitus
1009 3286 1095 3350 filius
1107 3295 1183 3350 tuus

284 3386 407 3449 unitam
438 3385 501 3449 sibi
530 3385 717 3470 fragilitatis
749 3397 870 3451 nostrae
899 3386 1119 3452 substantiam
1149 3387 1183 3451 in

284 3485 395 3567 gloriae
408 3485 621 3550 tuaedextera
634 3485 818 3552 collocauit.
834 3485 902 3552 Sed
915 3497 947 3552 et
955 3487 1173 3574 memoriam.t

640 3672 833 3739 Benedictio.
921 3681 923 3688 “

328 3797 508 3863 Benedicat
538 3818 597 3862 uos
630 3798 840 3881 omnipotens
871 3797 963 3876 deus,
993 3797 1085 3861 cuius
1114 3798 1185 3862 uni-

284 3897 414 3980 genitus
439 3896 602 3962 hodierna
627 3898 682 3962 die
712 3897 868 3963 caelorum
894 3897 964 3961 alta
987 3897 1183 3980 penetrauit,

285 4006 319 4061 et
330 3996 425 4061 uobis
436 3996 493 4060 ubi
510 3995 565 4062 ille
580 4006 632 4062 est
642 3997 841 4062 ascendendi
855 3998 983 4062 aditum
995 3996 1151 4078 patefecit
1160 3994 1184 4058 ⁴.

286 4095 407 4161 Amen.

328 4195 500 4263 Concedat
508 4196 603 4260 uobis
615 4196 785 4279 propitius,
797 4204 834 4260 ut
845 4196 930 4260 sicut
941 4204 1017 4278 post
1029 4215 1186 4260 resurrec-

285 4295 409 4359 tionem
429 4314 524 4359 suam
547 4295 715 4378 discipulis
737 4295 827 4359 uisus
849 4305 899 4359 est
922 4293 1123 4369 manifestus,
1141 4295 1187 4360 ita

285 4396 320 4459 in
336 4393 494 4459 iudicium
510 4395 645 4459 ueniens
661 4395 814 4459 uideatur
828 4393 988 4477 placatus.
1032 4391 1155 4458 Amen.

332 4493 377 4558 Et
391 4494 447 4576 qui
470 4513 547 4557 eum
570 4495 747 4559 consedere
769 4495 855 4578 patri
875 4495 908 4558 in
931 4513 990 4557 sua
1013 4494 1187 4558 maiestate

286 4593 425 4668 creditis,
443 4593 612 4657 uobiscum
634 4613 767 4658 manere
785 4613 889 4677 usque
907 4593 941 4656 in
961 4591 1060 4656 finem
1077 4591 1187 4656 saeculi

288 4693 470 4756 secundum
486 4713 579 4756 suam
595 4693 847 4775 promissionem
863 4692 1022 4757 sentiatis.
1065 4689 1187 4756 Amen.

332 4790 431 4876 Quod
447 4792 518 4874 ipse
527 4790 549 4856 ⁶.

586 4889 648 4954 Ad
658 4888 884 4974 complendum.

334 5013 458 5081 Praesta
473 5015 577 5096 nobis,
600 5036 787 5099 quesumus,
802 5017 1014 5100 omnipotens
1036 5026 1071 5081 et
1091 5015 1187 5080 mise·

322 5230 331 5260 ¹
348 5243 374 5281 A
387 5231 441 5281 Viri
451 5231 545 5297 galilei.
656 5227 659 5234 '
798 5243 841 5282 oa.
853 5233 974 5284 Ascendit
984 5232 1054 5283 deus.

350 5321 386 5358 Pa
398 5309 492 5360 Omnes
502 5317 597 5375 gentes.
798 5321 866 5360 cont.
877 5310 981 5361 Psallite
992 5310 1102 5361 domino.

350 5399 393 5438 At.
405 5389 526 5439 Ascendit
537 5389 605 5440 deus
799 5391 852 5452 (ur.
864 5389 974 5438 Primum
985 5389 1094 5454 quidam.

349 5477 393 5516 AL.
405 5465 530 5517 Dominus
541 5466 566 5516 in
577 5467 648 5516 sinai.
798 5479 844 5519 ιν.
857 5467 1089 5529 Recumbentibus).

323 5542 381 5673 ἒξ.
394 5545 421 5594 Ζ.
514 5544 704 5596 'hbacdone
715 5545 747 5596 V.
846 5544 992 5604 ¹SoBod;
1009 5545 1145 5612 patefaciat
1155 5546 1188 5597 O.

375 5637 417 5687 ·P·
430 5633 486 5688 ³71·

1462 576 1566 653 Dru.
1592 587 1664 670 post
1689 574 1881 653 Aruernus.
2056 591 2127 662 109

1228 778 1327 844 ricors
1356 780 1447 857 deus,
1477 786 1514 843 ut
1543 799 1618 862 quae
1650 775 1834 841 uisibilibus
1872 773 2037 856 mysteriis
2074 793 2128 836 su·

1227 878 1350 944 menda
1358 877 1576 962 percepimus,
1585 875 1739 942 inuisibili
1749 893 1991 956 consequamur
2000 871 2128 938 effectu.

1226 984 1312 1049 Pers

1539 1135 1630 1200 Alica
1643 1133 1812 1199 manime.

1268 1249 1411 1328 Adesto,
1423 1249 1567 1325 domine,
1580 1246 1876 1330 supplicationibus
1893 1245 2021 1320 nostris,
2035 1253 2071 1308 ut
2086 1243 2129 1308 si-

1226 1362 1282 1416 cut
1292 1350 1428 1415 humani
1439 1349 1567 1431 generis
1577 1346 1776 1411 saluatorem
1787 1346 1966 1410 consedere
1975 1355 2086 1410 tecum
2097 1344 2131 1407 in

1226 1460 1284 1516 tua
1294 1451 1469 1514 maiestate
1480 1446 1686 1524 confidimus,
1697 1448 1744 1510 ita
1755 1465 1860 1528 usque
1868 1444 1913 1509 ad
1922 1463 2131 1508 consumma-

1227 1552 1351 1615 tionem
1367 1547 1478 1612 saeculi
1499 1567 1633 1612 manere
1649 1545 1831 1624 nobiscum,
1847 1543 2130 1628 quemadmodum

1227 1659 1278 1716 est
1294 1647 1468 1732 pollicitus,
1484 1647 1675 1711 sentiamus.
1721 1643 1788 1727 Qui
1804 1655 1914 1710 tecum
1931 1644 2038 1707 uiuitr

1272 1749 1374 1826 Deus,
1404 1746 1495 1811 cuius
1525 1745 1612 1810 filius
1642 1745 1674 1808 in
1701 1744 1770 1808 alta
1796 1743 1950 1808 caelorum
1978 1751 2132 1826 potenter

1228 1850 1409 1914 ascendens
1421 1845 1649 1928 captiuitatem
1664 1854 1811 1909 nostram
1825 1863 1885 1907 sua
1896 1843 2018 1907 uirtute
2032 1842 2132 1906 duxit

1228 1947 1404 2032 captiuam,
1427 1944 1545 2020 tribue,
1573 1963 1761 2027 quesumus,
1785 1953 1823 2006 ut
1849 1943 1938 2006 dona
1964 1961 2040 2024 quae
2064 1940 2131 2004 suis

1229 2046 1442 2131 participibus
1472 2043 1622 2121 contulit,
1652 2041 1810 2126 largiatur
1837 2051 1871 2106 et
1896 2038 1993 2104 nobis
2021 2039 2132 2104 ihesus

1229 2147 1370 2212 christus
1385 2144 1538 2209 dominus
1554 2152 1676 2207 noster.
1722 2141 1788 2226 Qui
1803 2149 1939 2206 tecumr

1380 2329 1537 2393 Domitius
1557 2332 1625 2410 pust
1646 2323 1824 2412 astruamur]
1843 2326 1982 2391 numini&

1275 2452 1498 2534 Omnipotens
1535 2449 1737 2532 sempiterne
1771 2449 1863 2524 deus,
1894 2448 1946 2512 sac
1977 2466 2037 2511 nos
2072 2443 2133 2511 tibi

1230 2571 1362 2633 semper
1379 2560 1413 2614 et
1432 2549 1589 2614 deuotam
1604 2568 1719 2631 gerere
1734 2548 1949 2626 uoluntatem,
1965 2554 2000 2611 et
2018 2546 2134 2609 maies-

1231 2651 1293 2716 tati
1308 2659 1376 2715 tuae
1391 2649 1517 2713 sincero
1533 2648 1632 2712 corde
1648 2648 1778 2712 seruire.
1825 2648 1911 2711 Pera

1616 2797 1755 2863 Secreta.

1279 2911 1447 2978 Sacrificia
1469 2931 1539 2986 nos,
1563 2912 1705 2990 domine,
1724 2911 1933 2989 inmaculata,
1951 2907 2135 2993 purificent,

1235 3021 1269 3076 et
1284 3013 1451 3077 mentibus
1463 3011 1583 3076 nostris
1598 3031 1739 3094 superne
1753 3010 1869 3095 gratiae
1880 3011 1962 3074 dent
1977 3007 2134 3092 uigorem.

1236 3113 1298 3177 Per
1313 3113 1484 3178 dominum
1501 3119 1675 3176 nostrum.t

1604 3259 1765 3342 Prefatio.

1279 3376 1324 3442 U.
1341 3375 1385 3438 D.
1409 3396 1467 3458 per
1485 3373 1644 3439 christum
1667 3373 1838 3439 domiuum
1862 3381 2020 3437 nostrum.
2067 3369 2135 3454 Qui

1234 3475 1346 3561 generi
1383 3474 1530 3540 humano
1568 3475 1733 3538 nascendo
1770 3472 1933 3552 subuenit,
1963 3491 2038 3537 cum
2077 3490 2137 3553 per

1236 3587 1377 3642 mortem
1400 3575 1563 3658 passionis
1586 3575 1748 3639 mundum
1771 3573 1902 3648 deuicit,
1918 3593 1979 3655 per
1995 3571 2136 3655 gloriam

1236 3677 1479 3742 resurrectionis
1502 3676 1580 3740 uitae
1603 3685 1735 3740 aetemae
1757 3673 1885 3738 aditum
1916 3671 2079 3756 patefecit,
2102 3679 2137 3734 et

1235 3797 1295 3860 per
1316 3796 1411 3844 suam
1433 3773 1659 3840 ascensionem
1682 3776 1725 3840 ad
1748 3773 1847 3839 caelos
1864 3772 1960 3837 uobis
1974 3791 2068 3854 spem
2083 3789 2134 3834 as·

1235 3875 1397 3941 cendendi
1412 3874 1559 3939 donauit.
1606 3874 1668 3938 Per
1683 3894 1782 3956 quem
1799 3873 2006 3938 maiestatem
2015 3869 2038 3935 ².

1536 4021 1598 4087 Ad
1607 4021 1835 4106 comphndum.

1281 4135 2139 4221 Repleti,domine,muneribussacris,da,quesumus,

1237 4248 1274 4302 ut
1289 4239 1323 4303 in
1334 4237 1516 4322 gratiarum
1527 4254 1659 4319 semper
1669 4237 1800 4302 actione
1812 4255 2014 4300 maneamus.
2029 4256 2032 4294 :
2051 4232 2138 4299 Per-t

1571 4396 1799 4480 Adpopulam.

1282 4511 1410 4576 Erectis
1433 4509 1583 4575 sensibus
1606 4520 1641 4575 et
1661 4511 1766 4576 oculis
1791 4511 1898 4577 cordis
1920 4511 1964 4576 ad
1986 4509 2140 4575 sublimia

1238 4607 1488 4695 eleuantespis),
1518 4629 1708 4692 quesumus,
1739 4611 1882 4691 domiue,
1915 4621 1953 4676 ut
1990 4630 2065 4692 quae
2106 4609 2140 4672 in

1238 4730 1373 4794 precum
1392 4720 1472 4774 uota
1495 4709 1682 4788 detulimus
1697 4711 1741 4774 ad
1762 4710 1962 4794 impetrandi
1985 4709 2138 4774 fiduciam

1240 4810 1428 4876 reseramus.
1472 4807 1566 4874 Per³.

1273 5000 1281 5030 ¹
1297 5012 1323 5050 A
1336 4999 1442 5060 Exaudi,
1450 5000 1558 5055 domine.
1567 5015 1662 5078 uocem
1748 5007 1792 5050 or.
1804 4999 1860 5050 Uiri
1870 4997 1964 5064 galilei.

1300 5090 1337 5128 es
1348 5079 1472 5128 Dominus
1483 5077 1649 5130 inluminatio.
1748 5089 1816 5128 cort.
1827 5078 1909 5138 Pater,
1922 5093 1979 5128 cum
1990 5091 2077 5128 essem

1301 5169 1344 5206 au.
1357 5156 1477 5208 Ascendit
1488 5156 1557 5207 deus.

1301 5247 1344 5285 ΑΙ..
1356 5235 1483 5286 Dominus
1496 5236 1521 5285 in
1532 5233 1604 5286 sinai.

1751 5159 1803 5220 (aa.
1816 5157 1905 5207 Estote
1915 5157 2055 5222 prudentes.

1749 5245 1794 5285 tu.
1807 5234 1872 5285 Cum
1883 5234 1999 5297 uenerit).

1273 5311 1283 5342 ²
1299 5313 1332 5364 O.
1343 5329 1369 5378 p.
1383 5326 1438 5378 319.
1450 5314 1477 5363 ι

1272 5393 1282 5422 ¹
1299 5391 1356 5443 Gel.
1365 5406 1389 5456 p.
1398 5391 1458 5456 5893
1470 5406 1517 5440 om.
1527 5391 1554 5442 Z.
1563 5391 1776 5456 edduerpmm.
1792 5391 1869 5448 Deus,
1876 5389 2143 5456 nitafidelium,gloria

1242 5468 1383 5530 humilium,
1400 5467 1530 5520 beatitudo
1547 5468 1676 5531 iustorum,
1692 5470 1816 5534 propitius
1835 5469 1933 5536 suscipe
1949 5469 2143 5535 supplicantium

1242 5561 1347 5612 preces,
1359 5553 1387 5596 ut
1403 5547 1564 5612 animaequae
1580 5547 1750 5612 promissionis
1766 5555 1816 5598 tuae
1832 5548 1928 5609 sitiunt,
1940 5549 1971 5598 de
1987 5556 2031 5600 tua
2046 5564 2143 5615 semper

1245 5624 1418 5678 habundantia
1430 5625 1577 5692 repleantur.
1610 5625 1665 5677 Per.
1683 5627 1711 5678 Z.
