5122 6610
432 613 500 701 158
552 610 638 697 ᾗῇ·
654 611 788 704 aalma,
806 616 877 701 tra,
894 613 987 700 fiat.
1001 613 1052 689 ib.
1065 613 1137 698 sat.
1149 613 1203 689 ts.

804 812 944 880 Secreta.

473 939 612 1004 Hostias
636 938 705 1014 tibi,
733 939 877 1015 domine,
900 938 1008 1004 beatae
1035 939 1149 1022 sabine
1172 939 1326 1023 martyris

428 1047 484 1122 tue
499 1040 625 1104 dicatas
645 1040 770 1102 meritis
791 1037 960 1124 benignus‘
976 1059 1115 1118 assume,
1131 1048 1164 1103 et
1187 1039 1230 1103 ad
1252 1059 1326 1121 per·

428 1149 565 1222 petuum
582 1139 676 1203 nobis
691 1140 799 1220 tribue
809 1140 982 1222 prouenire
994 1138 1201 1204 subsidium.t
1232 1137 1325 1203 Pe11.

723 1317 785 1382 Ad
800 1317 1027 1402 compunctum.

471 1443 585 1509 Diuini
623 1446 766 1508 muneris
799 1443 952 1528 largitate
988 1443 1109 1523 satiati,
1138 1463 1324 1528 quesumus,

427 1543 561 1610 domine
572 1543 654 1607 deus
670 1554 789 1623 noster,
801 1554 846 1622 ut,
857 1545 1082 1609 intercedente
1096 1545 1196 1608 beata
1210 1543 1325 1608 sabina

428 1655 573 1727 martyre
615 1653 681 1718 tua,
724 1645 758 1707 in
797 1645 867 1707 eius
908 1664 1039 1726 semper
1074 1642 1326 1728 participatione

428 1747 605 1810 uiuamusr
661 1744 723 1807 Per
734 1741 758 1807 ².

511 2031 586 2098 iiiiii.
597 2032 658 2096 tat.
671 2048 733 2114 sep.
762 2030 940 2127 {annorum
955 2030 1047 2096 feltris
1063 2035 1090 2094 rt
1104 2031 1247 2096 tutudit

471 2179 685 2245 Maiestatem
701 2187 805 2255 tuam,
823 2177 964 2254 domine,
983 2176 1148 2260 supplices
1170 2179 1325 2261 depreca-

429 2301 510 2359 mur,
528 2290 565 2345 ut
580 2281 664 2344 sicut
679 2299 739 2343 nos
753 2279 873 2361 iugiter
887 2287 1074 2342 sanctorum
1090 2286 1221 2342 tuorum
1236 2298 1325 2342 com-

428 2379 666 2444 memoratione
680 2377 837 2456 laetificas,
849 2378 896 2442 ita
912 2375 1068 2464 (semper)
1084 2377 1326 2460 supplicatione

428 2479 597 2545 defendas.
642 2478 728 2545 Pers

807 2576 948 2641 Secreta.

473 2703 620 2783 Hostias,
641 2702 784 2782 domine,
806 2712 873 2767 tuae
895 2701 1002 2785 plebis
1022 2701 1166 2780 intende,
1189 2711 1223 2767 et
1245 2723 1327 2786 quas

427 2805 461 2868 in
472 2803 596 2869 honore
608 2805 749 2898 nominis
764 2803 813 2867 tui
828 2804 950 2867 deuota
965 2812 1077 2867 mente
1092 2803 1237 2869 celebrat
1251 2824 1327 2886 pro-

429 2903 525 2970 ficere
540 2904 601 2969 sibi
617 2905 739 2968 sentiat
753 2903 797 2967 ad
812 2901 963 2967 salutem.
1009 2899 1094 2967 Per.t

724 3079 786 3143 Ad
802 3078 1032 3162 comphndum.

473 3202 615 3290 Repleti,
637 3204 779 3284 domine,
796 3203 984 3269 muneribus
1005 3203 1114 3283 sacris,
1137 3224 1324 3287 quesumus,

427 3316 473 3382 ut,
495 3306 774 3372 intercedentibus
796 3305 919 3369 sanctis
937 3305 1014 3380 tuis,
1029 3303 1063 3367 in
1078 3304 1258 3386 gratiamm
1273 3315 1325 3369 tu·

428 3428 522 3474 arum
538 3426 669 3492 semper
682 3406 813 3470 actione
829 3423 1031 3470 maneamus.
1078 3401 1162 3468 Per.t

441 3685 510 3752 att.
526 3687 564 3750 rb.
578 3701 640 3767 sap.
666 3683 828 3750 Natiuitsa
844 3688 952 3749 sancta
964 3683 1060 3748 natta
1074 3684 1222 3764 genitricis
1234 3684 1279 3747 brt
1288 3687 1308 3746 ⁴.

472 3835 804 3902 Summcnrrousn
828 3843 1036 3900 sunuonun
1055 3839 1229 3913 uuonan,
1244 3835 1327 3901 deus

430 3937 611 4016 miserator,
627 3937 758 4016 exaudi,
774 3946 810 4001 ut
827 3937 883 4019 qui
907 3938 939 4001 in
960 3937 1134 4002 natiuitate
1153 3937 1206 4000 dei
1224 3953 1327 4020 'gene-

428 4037 517 4101 tricis
539 4046 573 4101 et
594 4037 728 4118 uirginis
744 4056 988 4119 congregamur,
1005 4036 1073 4100 eius
1088 4037 1327 4101 intercessioni·

428 4138 491 4200 bus
520 4135 740 4219 conplacatus,
764 4156 786 4198 -a
814 4146 848 4199 te
874 4136 918 4202 de
947 4134 1145 4201 instantibus
1175 4136 1327 4219 periculis

429 4255 589 4299 eruamur.
634 4234 697 4299 Per
711 4235 881 4298 eundem.t

460 4439 467 4468 ¹
481 4439 513 4489 O.
520 4455 544 4504 p.
554 4450 608 4503 374.
619 4451 636 4486 ψ
645 4438 771 4502 Proefirtio.
787 4436 852 4486 Etin
860 4436 976 4501 praesenti
985 4435 1205 4485 testinitatesancti
1214 4437 1327 4502 martyris

429 4526 478 4568 tuse
500 4517 593 4567 sabinae
610 4517 657 4566 tibi
680 4514 821 4566 confitendo
840 4515 919 4564 laudis
936 4513 1032 4565 hostias
1052 4514 1190 4572 immolare,
1208 4522 1327 4581 tuamque

411 4597 565 4646 .iumensam
581 4595 698 4661 pietatem
715 4592 857 4658 implorare,
870 4601 898 4643 ut
915 4591 978 4642 sicut
994 4592 1032 4642 illi
1048 4593 1140 4643 dedisti
1157 4591 1263 4643 caelestis
1274 4593 1327 4659 pal·

428 4689 495 4724 mam
506 4673 632 4738 triumphi,
643 4673 678 4722 sic
689 4687 719 4722 ea
730 4670 886 4736 suffragante,
893 4671 966 4722 nobis
977 4671 1176 4721 emendationem
1187 4687 1216 4721 ac
1227 4671 1326 4723 neniam

428 4751 551 4803 concedas
566 4750 671 4816 peccati,
689 4757 717 4799 ut
734 4750 759 4799 in
777 4757 801 4800 te
818 4749 956 4800 exultemus
972 4749 1149 4809 misericordia,
1168 4751 1194 4800 in
1211 4766 1262 4816 quo
1282 4750 1327 4800 illa

428 4830 528 4880 laetatur
538 4829 563 4878 in
575 4828 664 4893 gloria.
701 4829 748 4878 Per
758 4827 885 4879 christum.
905 4829 932 4878 Z.

461 4907 471 4936 ¹
488 4907 603 4958 Puriticet
619 4923 672 4967 nos,
691 4907 798 4966 domine,
813 4921 954 4972 quesumus,
967 4913 993 4957 et
1009 4905 1087 4956 diuini
1102 4907 1229 4972 perceptio
1246 4923 1325 4958 sacra·

428 4985 513 5045 menti,
525 4992 550 5034 et
561 4985 672 5049 gloriosa
683 4984 824 5049 deprecatio
835 4992 919 5035 sancte
929 4985 1022 5050 sabine.
1051 4981 1105 5036 Per.
1122 4982 1154 5036 ll.
1166 4985 1209 5036 iol.
1220 4999 1265 5050 115
1278 4985 1303 5037 b.

460 5062 683 5128 ’aSapientiam
936 5075 980 5114 aa.
991 5063 1128 5114 Exultabit.

487 5155 523 5194 rs,
533 5143 659 5200 Exultate,
671 5141 737 5192 insti.
935 5151 978 5192 or.
989 5139 1121 5191 Letamini.

487 5232 512 5271 a.
525 5221 666 5271 Gloriosus.
934 5229 978 5270 c0.
990 5219 1066 5285 Quod
1078 5217 1134 5270 dico
1146 5219 1225 5270 uobis.

486 5310 513 5348 v.
526 5299 643 5350 Dextera.

460 5374 470 5405 ⁴
487 5387 512 5426 Α.
525 5375 692 5427 Gaudeamus.

487 5465 523 5502 rs.
535 5455 671 5505 Eructauit.

486 5543 512 5580 lt.
525 5532 629 5596 Propter
641 5531 778 5584 ueritatem.

486 5619 512 5659 v.
524 5608 599 5669 Audi,
610 5609 669 5660 filia.

486 5698 529 5738 ar.
540 5687 680 5738 Adducunt.

935 5385 979 5426 or.
991 5375 1055 5431 Aue.
1066 5375 1151 5426 maria.

934 5465 976 5506 co.
988 5451 1112 5505 Dilexisti.

936 5533 989 5595 (ur.
1000 5531 1056 5596 Ego
1068 5531 1138 5597 qnasi
1150 5530 1217 5582 uitis.

935 5621 981 5660 av,
992 5609 1068 5660 Liber
1078 5609 1263 5674 generationis).

1715 611 1763 699 ᾖ.
1780 614 1944 704 detonuit

1711 805 1773 878 Ad
1792 814 1937 879 missam.

1423 937 1594 1005 Fnuums
1624 945 2114 1016 ru1s,n0111uu,c11111s11s
2144 941 2276 1006 unntiae

1378 1058 1496 1102 munus
1511 1037 1688 1121 impertire,
1703 1045 1740 1100 ut
1755 1039 1874 1121 quibus
1888 1038 1997 1102 beatae
2013 1041 2147 1124 uirginis
2162 1052 2275 1124 partus

1378 1139 1491 1203 extitit
1521 1137 1633 1202 salutis
1656 1139 1838 1217 exordium,
1861 1139 2043 1203 natiuitatis
2066 1141 2134 1203 eius
2162 1141 2275 1205 uotiua

1378 1236 1583 1303 sollemnitas
1603 1236 1694 1319 pacis
1708 1237 1831 1301 tribuat
1846 1236 2093 1304 incrementum.
2138 1235 2200 1303 Per
2214 1240 2274 1304 do-

1380 1337 1505 1400 minum
1521 1345 1695 1400 nostrum.t

1758 1421 1899 1487 Secreta.

1420 1549 1590 1633 Vnigeniti
1601 1548 1661 1626 tui,
1676 1547 1821 1625 domine,
1833 1548 1928 1613 nobis
1945 1559 2111 1614 succurrat
2126 1549 2275 1616 humani·

1378 1651 1542 1733 tas,utqui
1553 1658 1650 1713 natus
1661 1649 1704 1713 de
1715 1649 1841 1732 uirgine
1852 1649 1965 1712 matris
1974 1649 2199 1732 integritatem
2210 1672 2275 1715 non

1378 1751 1496 1815 minuit
1507 1750 1566 1814 sed
1581 1750 1732 1824 sacr'auit,
1744 1750 1777 1812 in
1790 1749 1972 1812 natiuitatis
1987 1749 2057 1813 eius
2072 1748 2274 1834 sollempniis

1377 1869 1398 1913 a
1427 1851 1547 1914 nostris
1568 1867 1630 1913 nos
1652 1848 1788 1932 piaculis
1814 1868 1958 1912 exsuens
1987 1848 2191 1924 oblationem
2215 1872 2274 1915 no·

1377 1958 1479 2014 stram
1495 1949 1557 2013 sibi
1572 1949 1673 2015 saciat
1685 1957 1866 2032 acceptam.
1910 1946 1977 2032 Qui
1992 1957 2130 2013 tecum.t

1742 2140 1914 2224 Praefatio.

1422 2268 1468 2335 U.
1484 2268 1527 2333 D.
1547 2277 1669 2334 aeteme
1689 2267 1781 2332 deus.
1827 2267 1873 2332 Et
1895 2264 2049 2351 precipue
2070 2287 2130 2350 pro
2151 2267 2275 2332 meritis

1377 2367 1486 2434 beatae
1501 2369 1553 2434 dei
1574 2368 1747 2452 genetricis
1765 2375 1800 2431 et
1821 2375 1989 2451 perpetuae
2008 2367 2141 2450 uirginis
2163 2369 2275 2432 mariae

1378 2469 1484 2552 gratia
1518 2464 1664 2555 plena(e)
1693 2476 1786 2532 tuam
1821 2467 2096 2550 omnipotentiam
2133 2467 2274 2544 laudare,

1379 2568 1581 2644 benedicere,
1613 2577 1646 2632 et
1680 2568 1868 2650 praedicare.
1919 2563 1991 2631 ·Per
2023 2587 2123 2649 quem
2160 2569 2277 2632 maies-

1378 2666 1514 2734 tatem¹.

1675 2752 1737 2817 Ad
1753 2751 1981 2835 complendum.

1423 2878 1642 2964 Sumpsimus,
1658 2880 1802 2956 domine,
1817 2877 2018 2944 celebritatis
2033 2899 2150 2944 annuae
2164 2879 2277 2946 uotiua

1377 2990 1592 3045 sacramenta.
1640 2981 1774 3055 Praesta,
1803 2998 1990 3063 quesumus,
2014 2987 2052 3044 ut
2085 2981 2277 3062 temporalis

1378 3080 1473 3144 nobis
1488 3081 1566 3144 uitae
1581 3079 1727 3144 remedia
1741 3078 1902 3162 prebeant
1916 3088 1951 3142 et
1967 3087 2102 3162 aeterne.
2147 3075 2231 3146 Pera

1456 3347 1502 3414 ib.
1517 3349 1555 3414 rb.
1569 3366 1631 3432 sep.
1655 3349 1769 3416 Natale
1782 3349 1877 3415 sandi
1888 3349 2020 3428 gorgonii
2033 3348 2170 3430 msttprts
2179 3351 2200 3414 ¹.

1422 3499 1574 3576 Sanctus,
1598 3498 1741 3579 domine,
1755 3499 1933 3584 gorgonius
1955 3521 2015 3564 sua
2037 3520 2098 3564 nos
2120 3500 2277 3568 interces-

1378 3601 1471 3665 sione
1491 3599 1645 3676 laetificet,
1669 3608 1704 3665 et
1725 3601 1781 3683 pia
1807 3599 1907 3664 saciat
1928 3599 2175 3684 sollempnitate
2195 3623 2275 3686 gau·

1379 3702 1464 3765 dere.
1512 3701 1574 3765 Per
1582 3699 1604 3765 ³.

1758 3785 1896 3851 Secreta.

1422 3909 1524 3976 Grata
1536 3911 1596 3976 tibi
1612 3912 1664 3990 sit,
1676 3911 1817 3987 domine,
1830 3920 1951 3976 nostrae
1962 3911 2130 3978 seruitutis
2141 3913 2276 3993 oblatio,

1378 4031 1437 4094 pro
1460 4032 1526 4094 qua
1553 4021 1685 4076 sanctus
1710 4013 1887 4095 gorgonius
1917 4021 2044 4096 martyr
2069 4011 2276 4080 interueniat.

1378 4101 1440 4176 Per
1449 4109 1474 4173 ⁴.

1673 4197 1735 4261 Ad
1752 4193 1981 4281 complendum.

1422 4324 1597 4389 Familiam
1612 4333 1718 4401 tuam,
1730 4326 1820 4402 deus,
1831 4324 1976 4388 suauitas
1992 4323 2048 4389 illa
2063 4323 2231 4408 contingat
2243 4332 2277 4387 et

1378 4434 1511 4509 uegetet
1526 4444 1592 4509 qua
1612 4427 1646 4490 in
1665 4432 1810 4506 martyre
1831 4432 1890 4488 tuo
1911 4423 2072 4506 gurgonio
2094 4423 2206 4488 christi
2227 4423 2276 4487 tui

1378 4525 1466 4589 bono
1483 4525 1601 4607 iugiter
1614 4524 1716 4589 odore
1731 4532 1895 4607 pascatur.
1942 4520 2032 4588 Perl.

1409 4735 1419 4765 ¹
1435 4735 1506 4784 Pam.
1518 4751 1542 4800 p.
1554 4748 1617 4799 593:
1632 4739 1677 4783 not
1689 4733 1713 4782 in
1726 4731 1788 4785 Bod.
1800 4732 1829 4782 F.
1842 4730 1874 4783 0.
1882 4731 1915 4782 V.

1410 4811 1562 4864 ¹rt.Gloriu
1573 4819 1600 4862 et
1611 4811 1712 4862 bonore.
1885 4821 1911 4860 v,
1923 4807 2088 4860 Desiderium.

1435 4902 1471 4942 aa
1487 4890 1602 4951 Domine,
1615 4889 1730 4940 dominns
1743 4903 1802 4938 uos·
1884 4899 1928 4938 al.
1939 4886 2099 4938 Exaltabunt.

1509 4977 1555 5020 ter.
1884 4975 1928 5017 01².
1939 4966 2054 5026 Posuisti,
2066 4965 2174 5017 domine.

1435 5047 1587 5107 mPosuisti,
1599 5045 1707 5096 domine.
1885 5055 1927 5096 co.
1937 5044 2054 5106 Posuisti,
2065 5043 2176 5094 domine.

1411 5125 1421 5155 ⁸
1437 5125 1494 5176 Get
1506 5142 1530 5190 p.
1542 5122 1604 5186 6⁶7,
1616 5119 1648 5174 Y.
1660 5122 1705 5172 101.
1716 5131 1763 5186 117
1772 5139 1795 5174 a.

1410 5202 1421 5233 ⁴
1436 5203 1504 5253 1b.·÷
1518 5201 1646 5267 Praesatrb
1676 5197 1761 5266 Teque
1778 5203 1805 5250 in
1821 5207 1963 5252 sanctorum
1974 5205 2073 5250 tuorum
2084 5198 2279 5251 confessionibus

1378 5282 1479 5332 laudare
1487 5280 1514 5329 in
1524 5280 1594 5330 cuins
1605 5278 1664 5330 lacti
1675 5286 1732 5329 sunt
1741 5280 1832 5329 uirtute
1840 5278 1953 5330 uictores.
1976 5279 2084 5343 Quando
2095 5278 2161 5330 enim
2168 5277 2279 5328 humana

1378 5359 1513 5425 fragilitas,
1523 5358 1563 5408 uel
1580 5358 1720 5423 passionem
1736 5357 1906 5423 equanimiter
1921 5357 1982 5408 ferre
1998 5357 2126 5418 sufficeret,
2142 5357 2183 5407 uel
2199 5356 2281 5406 hostis

1379 5437 1439 5487 aerii
1447 5437 1571 5502 nequitias
1582 5435 1699 5493 uinceret,
1714 5437 1763 5486 nisi
1772 5444 1821 5486 tuae
1830 5435 1956 5486 firmitatis
1966 5436 2104 5486 subsidium
2116 5435 2279 5496 ministrares,

1378 5524 1404 5567 et
1420 5532 1486 5567 saeua
1502 5514 1605 5566 furentis
1626 5515 1720 5566 inimici
1736 5523 1850 5582 potenter
1865 5531 1935 5565 arma
1952 5521 2096 5566 contereres.
2140 5514 2187 5565 Per
2202 5513 2279 5563 cbris-

1378 5603 1439 5646 tum.
1459 5595 1486 5644 Z.

1411 5673 1421 5705 ⁸
1437 5673 1493 5725 Gel.
1503 5689 1528 5738 p.
1540 5670 1597 5738 667.
