5116 6608
568 567 572 576 “
643 557 831 636 manns.

695 760 790 826 Alia.

337 886 482 964 Exaudi,
497 884 641 963 domine,
658 884 822 970 gemitum
838 883 953 967 populi
973 884 1031 964 tui,
1046 904 1107 950 nec
1122 884 1196 969 plus

292 987 381 1070 apud
411 995 447 1052 te
476 984 588 1050 ualeat
617 983 757 1050 offensio
786 982 1059 1067 delinquentium,
1094 1005 1195 1067 quam

294 1087 516 1152 misericordia
538 1095 597 1150 tua
620 1085 749 1150 indulta
770 1083 904 1149 fletibus
927 1085 1194 1168 supplicantium.

294 1187 380 1251 Peru

679 1264 803 1358 [Atat]

337 1396 560 1481 Omnipotens
591 1393 701 1482 (deus)
736 1397 993 1462 misericordiam
1030 1405 1123 1460 tuam
1161 1395 1194 1459 in

293 1498 388 1562 nobis
404 1497 553 1580 placatus
570 1495 733 1579 inpende;
754 1496 863 1579 utqui
880 1507 915 1561 te
927 1492 1194 1579 contempnendo

293 1597 425 1681 culpam
442 1595 643 1672 incurrimus,
660 1595 850 1661 confitendo
866 1598 997 1661 ueniam
1012 1615 1194 1680 consequa-

294 1717 375 1762 mur.
421 1696 506 1760 Peru

697 1783 790 1848 Alia.

336 1907 439 1985 Deus,
470 1906 633 1991 refugium
672 1926 865 1993 pauperum,
895 1928 973 1991 spes
1010 1906 1194 1983 humilium,

292 2008 448 2092 salusque
481 2007 683 2087 miserorum,
714 2007 972 2093 supplicationes
1002 2009 1117 2091 populi
1147 2009 1194 2074 tui

292 2108 472 2174 clementer
505 2107 648 2185 exaudi;
685 2117 722 2172 ut
752 2126 836 2192 quos
866 2107 991 2172 iustitia
1021 2109 1194 2172 uerberum

292 2209 370 2274 lecit
385 2207 532 2287 afflictos,
547 2207 752 2272 abundantia
768 2209 988 2272 remediorum
1003 2205 1103 2272 saciat
1117 2228 1195 2272 con·

293 2309 426 2374 solatos.
472 2309 559 2372 Pera

696 2396 790 2460 Atia.

336 2521 473 2587 Moueat
481 2522 641 2605 pietatem
650 2531 753 2600 tuam,
765 2541 954 2604 quesumus,
962 2519 1194 2596 domine,sub-

291 2621 375 2686 iecte
397 2622 458 2687 tibi
480 2622 587 2706 plebis
608 2622 756 2700 affectus
779 2630 813 2686 et
836 2621 1093 2685 misericordiam
1116 2641 1194 2704 sup·

291 2721 425 2805 plicatio
456 2721 562 2786 fidelis
592 2722 750 2800 obtineat,
781 2729 818 2785 ut
849 2721 938 2803 quod
970 2719 1096 2785 meritis
1126 2740 1193 2783 non

291 2822 459 2906 presumit,
486 2821 700 2905 indulgentia
730 2821 885 2904 largitate
914 2820 1084 2903 percipiat.
1131 2818 1194 2884 Per

291 2921 488 2986 dominumr
731 3008 747 3072 l

695 3009 727 3072 Α
744 3011 787 3074 ia.

333 3133 444 3198 Aures
467 3145 534 3200 tuae
556 3135 699 3218 pietatis,
716 3155 905 3218 quesumus,
928 3133 1070 3212 domine,
1089 3131 1193 3216 preci·¹

290 3233 352 3298 bus
367 3235 488 3299 nostris
504 3234 632 3314 inclina,
649 3244 685 3299 ut
700 3235 755 3317 qui
774 3242 987 3318 peccatorum
1005 3241 1191 3297 nostrorum

291 3331 429 3416 flagellis
444 3334 655 3418 percutimur,
672 3334 892 3399 miserationis
914 3342 972 3417 tue
989 3333 1095 3418 gratia
1110 3332 1191 3397 libe-

291 3453 406 3497 remur.
453 3435 541 3498 Per.⁷
693 3520 745 3584 Al

742 3543 787 3585 za.

333 3643 466 3709 Memor
480 3656 561 3722 esto,
575 3665 763 3729 quesumus
773 3644 916 3724 domine,
928 3643 1116 3728 fragilitatis
1131 3643 1191 3707 hu-

292 3764 396 3823 mane,
421 3753 455 3810 et
486 3745 542 3827 qui
574 3745 659 3828 iuste
685 3746 840 3809 uerberas
869 3752 1070 3830 peccatores,
1095 3763 1192 3827 parce

291 3843 489 3926 propitiatus
504 3844 641 3909 afflictis
687 3845 774 3908 Pera

694 4008 787 4072 Alia.

334 4135 473 4212 Auerte,
483 4156 671 4220 quesumus,
679 4135 823 4214 domine,
836 4135 919 4199 iram
931 4145 1024 4199 tuam
1035 4135 1192 4219 propitia·

292 4243 344 4299 tus
355 4257 376 4300 a
391 4236 506 4314 nobis3
529 4244 562 4299 et
578 4236 725 4300 facinora
736 4244 849 4299 nostra
860 4234 978 4318 quibus
995 4235 1191 4320 indignatio·

292 4353 366 4399 nem
382 4346 475 4400 tuam
491 4355 711 4419 prouocamus
726 4334 868 4418 expelle.
914 4329 1007 4422 [Per]
1014 4346 1035 4396 ,Ὺ

496 4566 649 4648 ltnrtptunt
665 4568 812 4633 staturus
829 4568 986 4634 rutulam.

333 4700 434 4777 Deus,
450 4699 507 4783 qui
523 4701 686 4785 conspicis
701 4703 793 4766 omni
815 4722 876 4766 nos
899 4703 1022 4766 uirtute
1045 4699 1192 4775 destitui,

291 4797 425 4864 interius
447 4801 660 4884 exteriusque
679 4803 829 4880 custodi,
856 4810 893 4865 ut
916 4810 950 4866 et
971 4802 1017 4865 ab
1038 4799 1193 4864 omnibus

290 4893 545 4963 aduersitatibus
569 4902 755 4964 muniamur
777 4901 810 4964 in
833 4919 970 4984 corpore
990 4910 1023 4964 et
1043 4921 1064 4963 a
1083 4897 1192 4983 prauis

291 4999 546 5083 cogitationibus
561 5000 760 5065 mundemur
775 5001 808 5065 in
825 5009 946 5065 mente.
993 5000 1078 5064 Peru

694 5163 786 5228 Alia.

332 5283 518 5352 Subueniat
553 5287 659 5366 nobis,
681 5307 871 5370 quesumus
897 5287 1041 5364 domine,
1068 5286 1193 5352 miseri·

290 5385 399 5449 cordia
422 5394 491 5461 tua,
508 5396 546 5451 ut
563 5385 606 5450 ab
629 5385 878 5450 imminentibus
901 5395 1112 5469 peccatorum
1132 5408 1191 5451 no·

289 5493 430 5548 strorum
456 5484 609 5567 periculis
642 5495 676 5550 te
702 5505 887 5550 mereamur
908 5495 1105 5569 protegente
1127 5485 1191 5552 sal-

289 5584 366 5648 uari.
412 5583 500 5648 Pers

1598 557 1789 634 titutum.

1650 759 1744 826 Alia.

2077 583 2146 654 243

1290 869 1424 936 Adesto
1453 869 1751 956 supplicationibus
1782 872 1911 954 nostris,
1938 875 2149 957 omnipotens
2273 909 2276 914 ·

1246 971 1338 1045 deus,
1366 980 1400 1035 et
1429 972 1551 1054 quibus
1574 971 1727 1037 fidutiam
1757 974 1921 1056 sperande
1943 974 2076 1058 pietatis
2099 976 2147 1039 in·

1246 1069 1364 1153 dulges
1393 1081 1551 1136 consuete
1580 1072 1813 1137 misericordiae
1842 1073 1951 1138 tribue
1986 1075 2148 1159 benignus

1247 1169 1412 1234 effectum.
1458 1170 1544 1234 Per.t

1651 1258 1744 1323 Alia.

1289 1368 1368 1432 Vox
1399 1369 1574 1433 clamantis
1607 1370 1753 1436 ecclesia·
1791 1373 1834 1436 ad
1871 1392 1975 1449 aures,
2006 1373 2148 1450 domine,

1247 1489 1435 1552 quesumus,
1465 1479 1524 1533 tue
1553 1470 1688 1553 pietatis
1720 1471 1890 1547 ascendat,
1921 1481 1959 1538 ut
1993 1483 2149 1556 percepta

1247 1568 1344 1633 uenia
1372 1577 1595 1651 peccatorum,
1619 1580 1654 1636 te
1684 1570 1745 1634 fiat
1770 1581 1930 1654 operante
1959 1572 2091 1652 deuota,
2115 1583 2149 1638 te

1246 1677 1452 1754 protegente,
1468 1689 1593 1734 secura.
1639 1671 1724 1736 Per.t

1650 1808 1744 1874 Alia.

1291 1919 1482 2002 Propitiare,
1499 1921 1643 2001 domine,
1658 1922 1956 2006 supplicationibus
1973 1921 2099 2001 nostris,
2115 1932 2149 1986 et

1246 2021 1433 2084 animarum
1464 2031 1651 2086 nostrarum
1679 2023 1812 2087 medere
1838 2021 2071 2106 languoribus;
2103 2030 2150 2099 ut,

1246 2121 1439 2185 remissione
1453 2130 1617 2205 percepta,
1633 2121 1666 2185 in
1685 2131 1744 2187 tua
1766 2142 1898 2205 semper
1918 2121 2149 2187 benedictione

1246 2219 1407 2284 laetemur.
1453 2221 1541 2284 Peru

1650 2301 1744 2374 Alia.

1291 2417 1451 2484 Ecclesiae
1477 2429 1535 2503 tue
1561 2439 1672 2498 uoces,
1694 2442 1884 2505 quesumus,
1905 2421 2049 2500 domine,
2079 2420 2149 2504 pla·

1246 2527 1341 2582 catus
1353 2519 1494 2584 admitte
1507 2543 1516 2597 ;
1537 2529 1583 2598 ut,
1596 2521 1772 2586 destructis
1784 2521 2040 2586 aduersitatibus
2052 2539 2149 2584 cunc·

1245 2618 1297 2698 tis,
1312 2638 1427 2682 secura
1442 2619 1502 2682 tibi
1518 2619 1641 2684 seruiat
1657 2620 1822 2687 libertate.
1868 2623 1954 2686 Pers

1648 2757 1743 2822 Alia.

1289 2867 1429 2948 Nostris,
1462 2869 1605 2948 domine,
1635 2889 1824 2952 quesumus,
1855 2871 2034 2956 propitiare
2063 2879 2149 2934 tem·

1244 2968 1388 3050 poribus,
1404 2977 1442 3032 ut
1463 2978 1521 3033 tuo
1544 2969 1678 3035 nomine
1699 2970 1859 3054 dirigatur
1880 2980 1915 3035 et
1937 2989 2074 3035 romana
2096 2991 2147 3034 se-

1244 3069 1377 3144 curitas,
1396 3078 1431 3133 et
1445 3070 1581 3135 deuotio
1600 3068 1787 3135 christiana.
1834 3072 1919 3135 Peru

1647 3218 1741 3286 Alia.

1288 3329 1436 3414 Largire,
1453 3351 1641 3416 quesumus,
1664 3331 1810 3408 domine,
1833 3332 1987 3398 fidelibus
2009 3333 2075 3397 tuis
2098 3333 2146 3395 in·

1243 3429 1451 3514 dulgentiam
1478 3431 1629 3515 placatus
1656 3442 1690 3497 et
1720 3452 1856 3515 pacem;
1890 3442 1927 3497 ut
1953 3433 2075 3515 pariter
2103 3433 2146 3497 ab

1244 3531 1398 3595 omnibus
1413 3532 1616 3596 mundentur
1627 3531 1771 3612 offensis,
1783 3542 1816 3598 et
1831 3553 1946 3600 secura
1957 3533 2019 3598 tibi
2035 3542 2146 3597 mente

1245 3630 1442 3696 deseruiant
1485 3631 1571 3696 Per.t

1634 3713 1757 3805 [Alia]

1288 3830 1452 3910 Gaudeat,
1471 3831 1613 3910 domine,
1636 3852 1825 3914 quesumus,
1847 3832 1942 3917 plebs
1965 3843 2024 3897 tua
2045 3834 2146 3897 bene·

1245 3930 1325 3995 ficiis
1341 3931 1510 4014 imperatis
1523 3953 1531 4010 ;
1553 3940 1586 3996 et
1601 3933 1654 3997 cui
1669 3931 1821 3997 fidutiam
1836 3935 1998 4024 sperande
2013 3932 2147 4017 pietatis

1244 4030 1405 4114 indulges,
1433 4040 1550 4114 optate
1580 4031 1813 4096 misericordia}
1842 4042 1955 4116 presta
1983 4033 2146 4116 benignus

1244 4128 1409 4192 effectum.
1456 4128 1544 4192 Per.t

1649 4211 1738 4280 Alia.

1287 4325 1421 4404 fideles
1431 4335 1516 4405 tuos,
1526 4328 1669 4402 domine,
1678 4347 1866 4424 quesumus,
1876 4345 2012 4410 corpore
2024 4327 2146 4410 pariter

1243 4434 1278 4490 et
1293 4435 1406 4491 mente
1420 4426 1558 4510 purifica
1571 4452 1579 4505 ;
1603 4436 1639 4491 ut
1659 4435 1717 4491 tua
1740 4427 1954 4511 inspiratione
1969 4428 2145 4509 conpuncti

1244 4527 1363 4592 noxias
1378 4527 1618 4592 delectationes
1633 4527 1739 4591 uitare
1754 4525 1956 4610 preualeant.
2003 4525 2088 4589 Per.t

1646 4674 1737 4742 Alia.

1287 4786 1370 4852 Dies
1393 4797 1532 4862 nostros,
1552 4808 1742 4871 quesumus,
1760 4787 1904 4866 domine,
1924 4769 2073 4871 placatus
2096 4789 2144 4850 in-

1244 4889 1353 4968 tende,
1368 4889 1557 4972 pariterque
1579 4909 1640 4952 nos
1663 4899 1697 4953 et
1711 4909 1732 4952 a
1747 4889 1893 4971 peccatis
1914 4888 2051 4953 absolue
2069 4908 2144 4970 pro-

1244 4990 1353 5073 pitius,
1387 4999 1422 5056 et
1454 5009 1474 5053 a
1508 4989 1635 5054 cunctis
1669 4988 1759 5072 eripe
1791 4989 1953 5073 benignus
1988 4988 2144 5054 aduersis.

1246 5089 1331 5152 Peru
1859 5083 1865 5100 '

1648 5172 1740 5239 Alia.

1288 5287 1352 5363 Da,
1376 5307 1566 5371 quesumus,
1590 5287 1733 5364 domine,
1763 5285 1889 5370 populo
1917 5296 1977 5351 tuo
2002 5285 2145 5350 salutem

1245 5387 1365 5450 mentis
1381 5397 1415 5452 et
1431 5387 1594 5469 corporis;
1618 5397 1656 5450 ut
1670 5385 1765 5450 bonis
1785 5387 1941 5468 operibus
1956 5385 2144 5462 inherend0,

1244 5495 1302 5550 tua
1317 5506 1449 5570 semper
1458 5489 1628 5550 'mereatur
1643 5486 1765 5550 uirtute
1780 5484 1922 5552 delendi.
1963 5487 2025 5550 Per
2039 5485 2145 5550 domi-

1245 5597 1350 5650 num.l

1763 5687 1845 5761 1i2
