5124 6608
449 597 554 674 Dom.
571 598 649 680 tritt
666 612 737 694 post
754 598 970 694 mutuatu.

270 807 446 876 conuertas,
459 798 615 882 quianon
625 797 675 864 uis
689 797 836 864 inuenire
845 798 936 883 quod
948 799 1094 876 damnes,
1105 796 1164 863 sed
1267 851 1270 858 .

270 920 339 964 esse
353 897 464 982 potius
478 899 569 981 quod
584 918 727 964 corones.
775 897 836 963 Per
851 895 1009 964 christum
1022 896 1044 959 ¹.

555 1033 617 1098 Ad
633 1033 862 1117 complendum.

312 1144 443 1210 Gratias
463 1146 524 1211 tibi
547 1145 726 1224 referimus,
748 1148 890 1223 domiue,
913 1167 1007 1212 sacro
1031 1165 1166 1210 munere

269 1244 423 1330 uegetati,
455 1253 547 1310 tuam
580 1246 838 1311 misericordiam
871 1246 1096 1330 deprecantes,
1129 1254 1166 1310 ut

270 1346 386 1430 dignos
400 1364 461 1409 nos
477 1344 547 1410 eius
561 1345 812 1428 participatione
827 1345 987 1429 perficias.
1032 1345 1094 1410 Per
1103 1344 1125 1410 ².

582 1476 658 1568 [Ad
667 1477 850 1571 populum}

312 1593 403 1674 Tuis,
428 1613 617 1677 quesumus,
646 1594 788 1670 domine,
813 1595 930 1660 adesto
953 1593 1164 1677 supplicibus,

271 1703 304 1758 et
317 1693 403 1758 inter
416 1693 583 1775 mundane
601 1693 775 1775 prauitatis
797 1695 932 1760 insidias
953 1693 1165 1778 fragilitatem

270 1803 414 1858 nostram
430 1793 631 1876 sempiterna
645 1793 771 1877 pietate
785 1813 992 1878 prosequere.
1038 1792 1099 1858 Per
1110 1791 1132 1857 ³.

435 2006 592 2073 Dominis
605 2007 680 2072 criti
700 2013 768 2088 post
788 2012 969 2090 pmtrtsstm
978 2012 998 2072 ⁴.
1074 2009 1081 2026 ¹

314 2127 535 2210 Omnipotens
550 2135 584 2192 et
601 2127 784 2192 misericors
798 2129 889 2206 deus,
905 2128 1057 2192 uniuersa
1071 2126 1166 2192 nobis

271 2227 479 2294 aduersantia
493 2227 690 2310 propitiatus
702 2227 855 2304 exclude,
865 2237 903 2292 ut
919 2236 1032 2292 mente
1047 2237 1081 2290 et
1096 2246 1166 2291 cor-

271 2348 350 2412 pore
364 2327 485 2409 pariter
503 2325 652 2408 expediti
667 2345 743 2408 quae
757 2336 816 2392 tua
830 2337 908 2392 sunt
922 2326 1033 2392 liberis
1048 2326 1167 2390 menti·

272 2429 332 2491 bus
347 2445 578 2508 exsequamur.
620 2426 691 2490 Per.

649 2561 788 2629 Secreta.

315 2677 400 2742 Haec
423 2696 568 2753 munera,
581 2676 734 2755 domine,
756 2695 944 2758 quesumus,
966 2695 1041 2759 quae
1063 2675 1166 2740 oculis

272 2787 337 2842 tuae
353 2777 534 2843 maiestatis
549 2775 716 2841 offerimus
731 2775 885 2841 salutaria
899 2775 995 2841 nobis
1007 2795 1166 2841 essecon-

272 2877 359 2942 cede.
405 2876 468 2940 Per
482 2875 653 2941 dominum
669 2884 817 2939 nostrum
828 2875 852 2939 ⁵.

629 3013 802 3097 Praefatio.

313 3129 357 3196 U.
374 3128 417 3195 D.
431 3139 556 3194 aeteme
571 3129 661 3192 deus.
707 3127 753 3193 Et
768 3148 828 3192 nos
844 3127 1053 3193 clementiam
1072 3136 1166 3192 tuam

273 3229 461 3314 suppliciter
475 3248 623 3306 exorare,
639 3237 676 3292 ut
697 3225 783 3291 filius
805 3236 881 3292 tuus
903 3228 1011 3292 ihesus
1026 3226 1167 3293 christus

273 3329 425 3394 dominus
453 3337 574 3402 noster,
598 3327 655 3409 qui
684 3347 720 3391 se
750 3346 855 3410 usque
880 3327 914 3392 in
936 3325 1036 3391 finem
1066 3326 1166 3410 seculi

271 3429 337 3493 suis
357 3428 509 3513 promisit
531 3425 682 3491 fidelibus
707 3425 906 3501 adfuturum,
934 3436 969 3492 et
993 3427 1165 3510 presentiae

273 3527 446 3612 corporalis
469 3527 634 3610 mysteriis
656 3547 721 3590 non
748 3528 879 3591 deserat
902 3547 986 3608 quos
1015 3527 1164 3603 redemit,

273 3637 306 3692 et
326 3627 508 3692 maiestatis
531 3645 590 3708 sue
611 3625 779 3690 beneficiis
801 3645 867 3690 non
885 3625 1058 3710 relinquat·
1104 3625 1166 3690 Per

272 3746 368 3810 quem
384 3727 593 3791 maiestatem
601 3724 624 3788 ⁶.

302 3893 312 3925 ¹
327 3895 358 3946 0.
369 3911 395 3961 p.
408 3895 465 3958 338.
476 3893 558 3944 where
569 3891 612 3944 the
623 3893 688 3943 Pref.
700 3892 723 3942 is
733 3892 807 3943 much
818 3892 913 3958 longer,
924 3907 953 3942 as
964 3891 990 3942 in
1002 3893 1029 3944 Z.
1040 3909 1080 3941 :-

302 3973 352 4038 Qui
372 3987 429 4023 cum
451 3987 498 4037 pro
521 3971 613 4022 uostris
636 3970 732 4022 meritis
758 3971 848 4037 ingiter
872 3986 1010 4022 mereamur
1031 3969 1116 4036 affligi.
1138 3978 1166 4022 tn

271 4059 352 4102 tamen
370 4049 490 4101 indicium
512 4048 546 4099 ad
567 4049 746 4100 correctionem
766 4055 896 4115 temperas
936 4049 996 4099 Nou
1019 4056 1166 4114 perpetuam

270 4145 365 4180 exerces
381 4128 413 4178 ad
428 4143 532 4193 pennam.
566 4126 642 4177 Iustae
655 4127 722 4177 enim
739 4127 850 4192 corrigis,
860 4134 886 4178 et
901 4125 1033 4177 clementer
1048 4126 1167 4192 ignoscis.

270 4207 411 4272 Iuntroque
419 4206 647 4271 uereninntroqne
655 4205 803 4256 misericors.
826 4205 930 4269 Quinos
941 4220 972 4255 ea
981 4203 1037 4270 lege
1045 4205 1165 4270 disponis,

270 4293 297 4335 ut
307 4282 442 4335 enmomdo
453 4283 479 4333 in
492 4289 611 4334 aternum
627 4282 707 4348 perire
722 4299 773 4333 non
788 4283 862 4344 siuas,
873 4289 900 4333 et
915 4282 1040 4348 parcendo
1056 4283 1164 4348 spatium

270 4362 362 4413 tribuas
373 4361 518 4427 corrigmdi.
552 4361 603 4426 Qui
613 4360 670 4411 ideo
681 4361 755 4411 malis
770 4361 932 4427 presentibus
946 4375 993 4410 nos
1004 4359 1126 4425 flagellas,
1137 4367 1164 4411 nt

269 4443 301 4493 ad
314 4443 382 4494 bona
397 4441 479 4492 futura
495 4442 623 4508 perducas.
657 4440 718 4492 Ideo
735 4441 809 4492 bouis
825 4439 1004 4507 temporalibus
1020 4442 1164 4500 consolaris,

270 4528 297 4570 nt
312 4521 343 4573 de
354 4522 509 4587 sempiternis
520 4521 598 4571 facias
615 4521 739 4572 certiores.
775 4523 832 4586 Quo
844 4528 869 4571 te
882 4521 944 4572 etin
960 4521 1084 4586 prosperis
1097 4529 1122 4574 et
1139 4523 1165 4573 in

269 4601 377 4650 aduersis
391 4600 435 4665 pia
449 4614 547 4665 semper
560 4598 714 4650 confessione
724 4599 861 4660 laudemus,
874 4598 971 4650 ihesum
987 4599 1105 4651 christum
1120 4601 1165 4652 do·

269 4677 362 4727 minum
372 4684 492 4729 nostrum.
526 4677 574 4728 Per
584 4692 665 4743 quem.
684 4679 712 4728 Z.

301 4753 311 4784 ²
327 4754 356 4804 E
368 4770 393 4820 p.
408 4755 462 4820 187.

301 4835 311 4865 ³
326 4833 384 4884 Gel.
395 4849 420 4900 p.
434 4833 492 4896 518.
510 4833 611 4885 Gratias
621 4833 669 4884 tibi
679 4833 813 4892 referimus,
823 4833 888 4892 dne..
899 4849 970 4886 sacro
981 4851 1080 4887 munere
1091 4851 1164 4902 uege-

269 4912 323 4970 tati,
335 4919 403 4962 tuam
418 4911 614 4962 misericordiam
628 4912 805 4978 depraecantes,
816 4918 845 4961 nt
858 4912 948 4978 dignos
962 4928 1008 4963 nos
1020 4914 1073 4964 eius
1088 4915 1165 4980 parti·

268 4989 392 5055 cipatione
403 4988 525 5054 perficias.
559 4991 613 5039 Per.
625 4990 653 5039 Z.
696 5018 699 5024 ,

300 5067 310 5097 ¹
326 5069 398 5132 (cot.
409 5066 544 5118 Familiam
551 5072 628 5127 tuam,
634 5084 691 5134 qne·

365 5160 456 5204 sumus,
467 5144 589 5211 domine).

327 5222 391 5274 &Si
403 5223 553 5289 iniquitates.
713 5249 716 5254 ·

327 5312 363 5350 aa
375 5301 416 5352 De
427 5301 561 5368 profundis

327 5390 353 5428 a.
364 5379 429 5430 liene
440 5395 515 5446 quam
525 5379 626 5432 bonum.

327 5468 354 5507 v.
363 5457 434 5508 Sicut
443 5465 605 5523 unguentum.

298 5534 361 5585 This
371 5535 441 5587 Mass
452 5536 558 5602 isgiven
568 5536 608 5588 for
618 5537 695 5589 Dom.
706 5537 755 5588 xix.
768 5544 825 5602 post
836 5537 894 5589 Oct.
905 5539 976 5592 Pent.
988 5539 1014 5591 iu
1025 5540 1051 5592 Z.

297 5612 350 5666 '2-
690 5615 749 5668 ⁸0·
760 5631 785 5683 1>-
799 5617 895 5685 ssa-Z

774 5079 818 5120 At.
830 5068 925 5129 laude,
936 5067 1090 5122 hierusalem.

774 5156 818 5198 or.
829 5145 977 5198 Recordare

773 5236 816 5275 c0.
828 5225 895 5277 Dico
906 5225 985 5277 uobis.

775 5305 829 5366 (tte.
841 5302 996 5355 Confidimus
1006 5304 1033 5354 in
1044 5305 1154 5359 domino.

772 5392 819 5434 nv,
829 5380 917 5433 Simile
928 5389 966 5434 est
976 5387 1100 5450 regrum).

1405 589 1926 694 suessoniensem.
2048 613 2115 687 125

1512 792 1575 857 Ad
1592 793 1820 876 complendum.

1261 918 1337 984 Tua
1362 937 1432 995 nos,
1459 919 1602 995 domine,
1626 921 1831 987 medicinalis
1855 921 2013 1005 operatio,
2037 933 2071 988 et
2097 943 2118 987 a

1215 1019 1336 1085 nostris
1352 1018 1623 1102 peruersitatibus
1634 1018 1815 1086 clementer
1825 1021 1993 1104 expediat,
2006 1030 2040 1090 et
2051 1025 2117 1088 tuis

1217 1138 1349 1201 semper
1363 1116 1464 1183 faciat
1478 1115 1627 1183 inherere
1642 1119 1816 1185 mandatis.
1862 1120 1957 1188 Per1.

1545 1305 1607 1370 Ad
1616 1308 1782 1391 populum.

1261 1434 1325 1512 Da,
1342 1454 1530 1518 quesumus,
1545 1435 1757 1520 omnipotens
1772 1439 1862 1516 deus,
1880 1440 1926 1504 sic
1947 1459 2008 1504 nos
2024 1450 2118 1506 tuam

1217 1537 1350 1602 ueniam
1369 1536 1549 1619 promereri
1571 1545 1609 1602 ut
1631 1547 1761 1602 nostros
1779 1538 1981 1623 corrigamus
2003 1560 2117 1606 exces-

1217 1656 1281 1715 sus,
1304 1636 1350 1700 sic
1373 1634 1552 1700 fatentibus
1578 1635 1729 1702 relaxare
1756 1638 1913 1704 delictum
1943 1649 1980 1705 ut
2006 1639 2119 1706 coher-

1217 1755 1350 1801 ceamus
1364 1735 1397 1799 in
1412 1735 1480 1800 suis
1495 1736 1723 1820 uoluptatibus
1737 1738 1906 1804 obtinatos
1915 1738 1938 1798 ².

1386 2059 1543 2126 Danista
1555 2060 1641 2127 mut
1660 2067 1729 2144 post
1749 2064 1960 2143 introirent

1260 2221 1405 2304 Largire,
1426 2240 1614 2303 quesumus,
1640 2221 1783 2298 domine,
1805 2222 1960 2289 fidelibus
1981 2226 2047 2290 tuis
2069 2227 2119 2289 in·

1218 2319 1424 2403 dulgentiam
1454 2319 1605 2403 placatus
1635 2329 1669 2385 et
1698 2341 1823 2404 pacem,
1855 2334 1892 2388 ut
1920 2327 2042 2409 pan'ter
2074 2325 2118 2390 ab

1218 2420 1371 2484 omnibus
1387 2421 1585 2485 mundentur
1598 2420 1741 2503 offensis,
1752 2433 1786 2488 et
1800 2444 1916 2491 secura
1930 2426 1991 2492 tibi
2006 2438 2119 2493 mente

1217 2519 1417 2584 deseruiant.
1463 2519 1555 2586 Per⁴.

1595 2632 1739 2698 Secreta.

1262 2757 1441 2826 Caelestern
1456 2761 1551 2827 nobis
1561 2763 1722 2846 prebeant
1731 2761 1804 2830 haec
1816 2765 1982 2848 mysteria,
1996 2787 2118 2850 quesu-

1219 2880 1300 2939 mus,
1323 2861 1465 2938 domine,
1489 2863 1695 2942 medicinam,
1717 2872 1752 2930 et
1781 2865 1861 2931 uitia
1883 2867 1986 2930 nostri
2008 2867 2118 2932 cordis

1217 2971 1414 3044 expurgent.
1460 2962 1521 3027 Per
1530 2961 1552 3040 P.

1578 3109 1750 3196 Proesatio.

1262 3239 1306 3306 U.
1325 3240 1369 3307 D.
1389 3250 1512 3306 aeteme
1534 3239 1623 3306 deus
1670 3241 1883 3308 Maiestatem
1913 3253 2007 3309 tuam
2038 3265 2116 3328 sup·

1217 3340 1346 3425 pliciter
1368 3342 1593 3424 deprecantes,
1616 3350 1655 3406 ut
1684 3341 1831 3426 expulsis
1861 3343 1977 3408 azimis
2006 3354 2118 3409 uetus·

1217 3442 1303 3522 tatis,
1318 3440 1404 3505 illius
1425 3440 1503 3523 agni
1518 3440 1593 3507 cibo
1609 3441 1770 3506 saciemur
1784 3453 1818 3508 et
1839 3444 1968 3527 poculo,
1992 3443 2060 3528 Qui
2083 3454 2117 3509 et

1217 3551 1365 3606 nostram
1381 3541 1561 3624 imaginem
1577 3543 1750 3625 reparauit,
1768 3552 1803 3608 et
1818 3563 1912 3608 suam
1931 3544 2028 3609 nobis
2043 3565 2119 3627 gra-

1217 3641 1299 3706 tiam
1322 3640 1517 3723 repromisit,
1532 3639 1642 3705 ihesus
1662 3641 1803 3707 christus
1818 3643 1974 3708 dominus
1996 3654 2117 3710 noster.

1219 3738 1280 3804 Per
1301 3758 1401 3822 quem
1424 3739 1662 3806 maiestatem⁶.

1512 3927 1573 3992 Ad
1590 3929 1818 4012 complendum.

1260 4059 1309 4124 Vt
1330 4057 1439 4134 sacris,
1456 4058 1601 4139 domine,
1616 4060 1792 4126 reddamur
1811 4061 1904 4146 digni
1926 4061 2118 4126 muneribus

1217 4157 1268 4224 fac
1285 4179 1354 4237 nos,
1366 4178 1555 4241 quesumus,
1567 4159 1633 4224 tuis
1649 4161 1799 4228 oboedire
1814 4162 1988 4228 mandatis.
2020 4159 2106 4227 Per.⁷

1545 4346 1607 4412 Ad
1616 4349 1782 4432 populum.

1260 4478 1393 4544 Delicta
1415 4488 1536 4555 nostra,
1552 4479 1696 4558 domine,
1712 4480 1832 4562 quibus
1855 4480 1993 4545 aduersa
2008 4480 2115 4544 domi-

1216 4589 1336 4643 nantur
1357 4577 1519 4660 absterge,
1536 4587 1570 4643 et
1591 4587 1651 4643 tua
1673 4599 1734 4643 nos
1757 4580 1880 4662 ubique
1902 4579 2114 4644 miseratione

1216 4677 1355 4744 custodi.
1400 4675 1490 4740 Perf.

1250 4914 1305 4964 ¹E.
1316 4930 1342 4981 p.
1356 4916 1412 4978 187.
1424 4914 1450 4964 Z.
1616 4913 1737 4982 ¹Gel.p.
1750 4915 1806 4983 694,
1817 4933 1863 4969 orn.
1875 4919 1902 4968 Ζ.

1247 4993 1346 5058 ⁸(con.
1364 4991 1440 5051 Dens,
1451 4991 1573 5060 refugium
1583 5009 1641 5046 nos·
1705 5005 1741 5045 ss,
1753 4995 1910 5055 Benediristi,
1922 4996 2029 5047 domine.

1313 5079 1387 5124 trum.
1703 5073 1928 5124 n.Liberastin0s.

1275 5162 1317 5200 ιι».
1329 5151 1472 5202 imitatores
1482 5152 1541 5203 mei.
1701 5151 1830 5202 V.Indeo
1841 5151 2005 5203 laudabimur.

1275 5241 1322 5278 nv.
1332 5229 1461 5280 Abeuntes
1471 5229 1600 5297 pharisei).
1700 5241 1746 5279 sl..
1759 5231 1808 5294 Qui
1821 5231 1904 5294 posuit
1916 5231 1984 5282 fines.

1274 5319 1301 5358 Α.
1314 5306 1383 5376 Dicit
1394 5306 1516 5366 dominus,
1525 5309 1582 5374 Ego
1596 5323 1639 5359 co·
1700 5320 1743 5360 os.
1756 5308 1797 5360 De
1808 5308 1946 5375 profundis.

1311 5385 1374 5450 gito.
1700 5397 1743 5436 00.
1755 5388 1844 5445 Amen,
1856 5387 1913 5439 dieo
1923 5388 2004 5439 uobis.

1246 5463 1309 5515 This
1321 5464 1391 5516 Mass
1402 5465 1425 5518 is
1435 5465 1510 5532 given
1521 5465 1562 5516 for
1572 5467 1648 5518 Dom,
1660 5466 1720 5515 xxii.
1731 5473 1790 5532 post
1802 5467 1860 5520 Oct.
1873 5468 1944 5519 Pent.
1957 5469 1984 5519 in
1996 5469 2023 5522 Z.
2055 5499 2058 5510 .

1247 5542 1257 5572 ⁴
1272 5543 1303 5594 E
1314 5560 1339 5609 p.
1354 5545 1408 5596 188.
1539 5545 1550 5576 ⁶
1566 5544 1605 5596 Ib.
1733 5545 1743 5575 ⁸
1760 5547 1792 5598 Ο.
1804 5563 1829 5614 p.
1842 5559 1899 5615 339.
1911 5546 1976 5601 Pref.
1988 5548 2026 5598 for
2037 5547 2116 5600 Dom.

1214 5621 1350 5674 axiiinZ.
1481 5621 1541 5678 ill.
1552 5640 1577 5691 p.
1591 5622 1646 5683 261,
1657 5625 1743 5676 ΜΖ
