5116 6608
452 568 522 642 288

490 766 556 827 'l'he
578 765 726 842 following
744 764 856 842 Proper
876 761 1010 824 Prefaces
1030 780 1119 852 occur
1136 761 1182 823 for
1204 761 1345 823 Festivals

448 862 495 922 for
508 861 603 922 which
617 878 657 921 no
671 859 753 920 Mass
767 859 792 918 is
805 858 955 936 provided,
964 875 999 917 or
1012 857 1043 916 in
1057 856 1173 918 Masses
1186 856 1282 917 where
1295 855 1346 915 the

448 956 566 1022 Preface
580 957 606 1017 is
619 955 752 1016 different
766 972 800 1015 or
807 952 944 1030 wanting,
956 954 986 1013 in
1000 952 1049 1012 the
1059 951 1174 1012 Leofnc
1183 949 1288 1011 Missal
1297 969 1345 1010 :—

587 1121 743 1188 illinon
757 1123 817 1186 ian.
846 1119 883 1186 Ξ.
895 1119 1037 1200 pnmutta
1048 1118 1175 1198 stapris
1183 1120 1203 1182 ¹.

488 1265 526 1328 U.
540 1266 579 1328 D.
595 1277 703 1329 aeteme
724 1267 804 1327 deus.
847 1265 945 1326 Beatae
967 1263 1123 1342 genouefae
1146 1263 1281 1323 natalicia
1301 1281 1345 1321 re-

448 1361 584 1422 colentes.
626 1362 704 1423 Uere
720 1361 798 1422 enim
817 1360 903 1420 huius
924 1357 1113 1420 honorandus
1130 1368 1174 1418 est
1195 1357 1266 1428 dies,
1280 1373 1347 1434 quae

448 1458 490 1515 sic
518 1465 632 1516 terrena
664 1456 854 1533 generatione
886 1453 1037 1532 processit,
1065 1461 1098 1511 ut
1125 1452 1162 1512 ad
1190 1450 1348 1512 diuinitatis

448 1549 628 1610 consortium
642 1551 812 1629 perueniret.
855 1547 911 1607 Per
924 1547 1070 1607 christum.

717 1741 754 1808 S.
766 1741 865 1806 tandit
878 1739 1081 1805 rmhssmis'.

488 1886 526 1949 U.
541 1887 579 1949 D.
593 1900 702 1950 aeteme
716 1887 797 1949 deus.
838 1888 877 1948 Et
898 1887 928 1946 in
948 1887 1005 1946 hac
1026 1886 1172 1964 praecipue
1189 1883 1245 1954 die,
1259 1901 1348 1960 quam

447 1986 568 2044 transitu
589 2002 673 2044 sacro
695 1985 770 2043 beati
791 1982 967 2043 confessoris
988 1982 1029 2041 tui
1050 1980 1143 2040 basilii
1164 1979 1348 2038 consecrasti.

448 2078 619 2152 Quesumus
640 2097 710 2156 ergo
733 2077 917 2137 clementiam
934 2087 1023 2142 tuam,
1039 2084 1071 2135 ut
1092 2073 1144 2133 des
1165 2072 1250 2132 nobis
1270 2071 1348 2130 illam

448 2173 532 2250 sequi
556 2173 728 2244 doctrinam,
748 2189 837 2249 quarn
859 2171 907 2229 ille
929 2181 958 2231 et
980 2171 1070 2230 uerbo
1090 2168 1189 2228 docuit
1209 2177 1238 2225 et
1260 2183 1348 2243 opere

449 2266 619 2344 compleuit,
634 2265 780 2339 Quatinus
799 2282 855 2324 nos
877 2263 1006 2324 adiuuari
1025 2261 1104 2340 apud
1121 2259 1347 2320 misericordiam

448 2371 529 2418 tuam
563 2368 592 2419 et
626 2359 768 2437 exemplis
796 2359 859 2418 eius
887 2359 1047 2418 sentiamus
1078 2367 1107 2417 et
1134 2354 1251 2414 meritis.
1293 2354 1349 2413 Per

448 2452 596 2512 christum.

550 2631 688 2698 sulit.
701 2631 761 2696 lsai.
776 2631 831 2697 tri.
859 2629 937 2695 Nat.
953 2646 979 2696 s.
992 2631 1087 2695 nanti
1101 2629 1246 2695 abbans&

489 2778 527 2839 U.
541 2775 579 2837 D.
595 2789 701 2838 aeterne
716 2776 797 2838 deus.
839 2775 930 2836 Cuius
944 2775 1097 2836 ineffabilis
1111 2776 1204 2855 pietas
1217 2775 1347 2836 beatissi-

448 2890 529 2931 mum
557 2889 700 2944 mannam,
721 2870 840 2931 lenitam
864 2881 951 2949 atque
978 2870 1123 2939 abbatem,
1147 2871 1282 2947 prouexit
1310 2868 1347 2930 ad

449 2967 511 3027 caeli
532 2966 672 3044 gloriam;
695 2967 836 3044 quoniam
857 2965 1031 3025 sanctissimi
1053 2965 1184 3042 magistri
1201 2965 1245 3024 sui
1260 2966 1347 3024 bene-

448 3062 517 3121 dicti
545 3061 586 3121 sic
620 3061 722 3119 enituit
753 3069 887 3130 sectator,
915 3060 946 3119 in
977 3059 1115 3118 omnibus
1144 3069 1347 3136 coopereratur

447 3153 578 3228 assiduis,
599 3164 631 3215 ut
652 3173 719 3214 cum
740 3171 777 3214 eo
798 3163 827 3214 et
847 3154 954 3214 sanctis
975 3153 1112 3212 omnibus
1133 3153 1164 3212 in
1185 3152 1248 3212 caeli
1269 3153 1347 3213 curia

448 3259 590 3310 mereatur
604 3249 665 3309 fieri
679 3247 832 3309 adtheleta.
874 3247 930 3308 Per
944 3246 1091 3309 christum.

538 3418 705 3484 crumnis
720 3414 1042 3502 [=fttttt.tatt2t.].
1075 3415 1111 3482 S.
1121 3417 1238 3497 ptuirrti
1246 3420 1268 3478 ⁴.

489 3565 528 3624 U.
542 3564 580 3626 D.
598 3576 705 3625 aeterue
720 3565 800 3624 deus.
843 3563 882 3623 Et
901 3573 981 3624 tuam
999 3563 1226 3624 misericordiam
1245 3563 1347 3641 depre-

449 3660 517 3731 cari,
537 3669 569 3718 ut
595 3660 741 3719 mentibus
770 3659 884 3726 nostris,
907 3659 984 3717 beati
1012 3659 1143 3734 martyris
1165 3658 1205 3716 tui
1227 3658 1347 3734 proiecti

449 3755 571 3831 repetita
591 3752 813 3830 sollempnitate,
836 3752 970 3830 spiritalis
991 3752 1096 3812 laetitiae
1115 3752 1224 3811 tribuas
1245 3752 1348 3828 iugiter

449 3849 638 3919 suauitatem
662 3845 875 3923 Concedasque
893 3847 987 3917 nobis,
1002 3859 1032 3905 ut
1049 3848 1217 3906 uenerando
1236 3846 1348 3924 passio·

448 3942 494 4000 nis
514 3941 577 4001 eius
597 3939 783 4017 triumphum,
804 3941 927 4000 obtentu
947 3940 1020 4002 illius
1045 3953 1074 4000 et
1099 3949 1284 4017 peccatorum
1305 3957 1347 3999 re-

448 4034 628 4108 missionem,
651 4043 679 4092 et
704 4044 870 4094 sanctorum
895 4052 1058 4094 mereamur
1080 4032 1200 4112 adipisci
1228 4051 1347 4094 consor·

449 4129 530 4186 tium
573 4126 629 4186 Per
643 4126 782 4187 christum
797 4127 952 4186 dominum
966 4137 1106 4187 nostrum.

542 4290 648 4358 lllilili.
663 4293 701 4357 rb.
715 4293 768 4355 tri.
789 4290 865 4357 Nat.
880 4309 905 4357 s.
922 4293 1038 4358 sebasti
1052 4294 1255 4359 contrectarint

491 4436 528 4496 U.
543 4436 580 4496 D.
595 4447 703 4497 aeteme
717 4437 798 4497 deus.
840 4437 931 4496 Cuius
945 4457 1066 4498 munere
1080 4439 1183 4498 beatus
1203 4440 1348 4510 uedastus,

450 4531 601 4592 confessor
614 4542 643 4591 et
658 4531 802 4602 sacerdos,
817 4543 845 4592 et
866 4533 1012 4591 bonomm
1027 4550 1149 4610 operum
1164 4534 1349 4593 incrementis

451 4626 586 4696 excreuit,
598 4636 627 4685 et
638 4627 724 4685 uariis
735 4625 870 4684 uirtutum
883 4625 968 4685 donis
979 4627 1154 4698 exuberauit,
1166 4637 1195 4688 et
1206 4629 1349 4688 miraculis

450 4719 621 4779 coruscauit.
665 4718 724 4791 Qui
749 4719 829 4796 quod
856 4720 952 4779 uerbis
973 4720 1088 4780 edocuit
1116 4739 1239 4797 operum
1259 4724 1349 4781 exibi·

451 4814 531 4872 tione
552 4812 719 4889 compleuit,
733 4811 772 4872 Et
786 4811 964 4872 documento
981 4813 1066 4874 simul
1080 4825 1109 4873 et
1129 4816 1266 4893 exemplo
1282 4817 1349 4875 sub·

451 4908 517 4967 ditis
545 4905 582 4966 ad
611 4906 737 4966 caelestia
763 4925 853 4983 regna
881 4908 1022 4984 pergendi
1051 4908 1189 4968 ducatum
1218 4910 1349 4987 praebuit.

451 4999 538 5059 Unde
550 5011 630 5058 tuam
644 4999 828 5059 clementiam
843 5001 977 5078 petimus,
992 5011 1023 5060 ut
1037 5003 1099 5062 eius
1115 5004 1164 5080 qui
1179 5004 1229 5062 tibi
1244 5003 1350 5080 placuit

452 5093 590 5171 exemplis
611 5093 648 5152 ad
669 5094 744 5153 bene
761 5094 909 5170 agendum
923 5093 1121 5166 informemur,
1136 5097 1244 5156 meritis
1259 5116 1350 5156 munr-

451 5205 542 5259 amur,
559 5187 813 5247 intercessionibus
829 5188 1017 5262 adiuuemur;
1040 5189 1170 5262 Qualiter
1185 5189 1221 5249 ad
1237 5191 1351 5250 caeleste

453 5297 584 5356 regnum,
613 5280 662 5339 illo
693 5280 911 5354 interueniente,
940 5292 968 5342 te
999 5284 1168 5360 opitulante,
1201 5286 1351 5363 peruenire

455 5390 625 5432 mereamur.
669 5372 723 5433 Per
738 5373 885 5434 christum.

543 5520 713 5574 ¹Fol.106b.
813 5523 986 5587 ¹F01.107a.
1082 5525 1255 5578 ’Fol.ro8b.

675 5599 845 5670 fFolrrrb.
960 5601 1129 5666 'Foluga

1063 559 1206 648 musal
1231 562 1264 636 tf
1287 561 1412 635 urbm
1437 561 1469 636 of
1491 555 1676 655 ιᾋιιιιιίὶριιι.

1567 808 1617 875 tt.
1631 825 1678 890 ap.
1706 804 1783 872 ttat.
1797 823 1824 872 s.
1837 807 1959 872 misnia
1971 807 2098 888 uirginis
2106 807 2125 874 ¹.

1440 940 1527 1001 UD.
1547 952 1654 1002 aeteme
1676 939 1755 1000 deus
1796 937 1835 999 Et
1862 939 1892 1000 in
1919 939 1974 1000 hac
2002 940 2215 1018 sollempnitate
2239 939 2291 1000 tibi

1396 1035 1489 1095 laudis
1509 1034 1618 1095 hostias
1639 1033 1798 1106 immolare,
1816 1051 1875 1111 qua
1894 1035 1987 1094 beatae
2007 1033 2141 1093 eufemiae
2161 1033 2292 1110 martyris

1397 1137 1454 1188 tuae
1475 1129 1642 1207 passionem
1670 1127 1838 1188 uenerando
1863 1127 2026 1201 recolimus,
2047 1137 2077 1188 et
2100 1129 2142 1188 tui
2165 1127 2292 1188 nominis

1397 1222 1520 1299 gloriam
1535 1221 1638 1282 debitis
1653 1223 1806 1298 praecouiis
1820 1221 2050 1300 magnificamus.
2084 1220 2141 1282 Per
2154 1221 2290 1282 christum

1399 1315 1552 1377 dominum
1566 1325 1707 1376 nostrum
2298 1355 2303 1367 ·

1517 1493 1591 1560 lilili.
1606 1495 1644 1559 lu.
1658 1495 1720 1560 iun.
1748 1492 1824 1560 Nat
1839 1510 1865 1561 tt
1879 1495 2010 1560 ramma
2023 1495 2178 1578 morunt

1439 1626 1477 1689 U.
1491 1629 1528 1689 D.
1544 1641 1651 1689 aeteme
1666 1627 1744 1688 deus
1781 1627 1872 1688 Cuius
1886 1627 2039 1689 clementia
2052 1630 2214 1690 aecclesiam
2228 1647 2295 1689 san·

1399 1724 1487 1800 guine
1522 1739 1576 1782 suo
1604 1721 1787 1798 redemptam
1822 1740 1938 1800 semper
1965 1722 2099 1800 dignetur
2124 1724 2295 1800 gubemare,

1400 1818 1496 1894 Atque
1516 1817 1610 1876 sancti
1631 1816 1768 1875 barnabae
1790 1816 1915 1893 apostoli
1934 1815 2078 1894 suffragiis
2099 1819 2295 1878 corroborare.

1399 1909 1578 1987 Praestetque
1591 1919 1623 1969 ut
1639 1927 1790 1987 nunquam
1810 1910 1934 1987 patiatur
1954 1911 2075 1983 minam,
2089 1929 2157 1990 quae
2177 1921 2296 1988 aposto·

1399 2005 1461 2064 licis
1476 2003 1613 2064 doctrinis
1628 2021 1660 2064 se
1673 2002 1812 2082 gloriatur
1826 2003 1984 2063 fundatam.
2027 2003 2083 2064 Per
2096 2023 2193 2082 quem.

1458 2195 1555 2263 liililli.
1568 2215 1637 2262 nun.
1652 2197 1704 2262 iul
1725 2197 1899 2262 ditanslntiu
1913 2214 1939 2262 n.
1955 2197 2075 2261 nutttnt
2092 2199 2243 2281 episcopii

1440 2353 1477 2414 U.
1492 2354 1529 2414 D.
1544 2364 1651 2415 aeteme
1666 2354 1746 2415 deus.
1779 2355 1918 2417 Uotiuam
1933 2355 2010 2415 beati
2023 2355 2169 2433 pontificis
2184 2359 2299 2417 martini

1399 2449 1615 2508 translationem
1636 2449 1686 2526 pia
1700 2449 1856 2508 deuotione
1878 2435 2075 2522 celebrantes,
2090 2460 2176 2528 teque
2190 2469 2298 2511 cernua

1399 2542 1556 2602 deuotione
1577 2552 1738 2614 exorantes,
1760 2553 1792 2602 ut
1811 2544 1908 2619 ipsum
1933 2561 1989 2602 nos
2013 2544 2091 2622 apud
2114 2544 2296 2605 clementiam

1399 2647 1479 2695 tuam
1501 2637 1658 2695 sentiamus
1682 2635 1790 2695 habere
1817 2647 1981 2714 patronum,
2009 2655 2106 2716 quem,
2129 2649 2179 2698 tua
2205 2641 2298 2716 gratia

1399 2729 1545 2806 largiente,
1569 2730 1669 2789 salutis
1692 2740 1810 2790 aeternae
1832 2732 1991 2792 meruimus
2014 2733 2161 2810 suscipere
2188 2735 2295 2812 magis-

1398 2832 1484 2883 trum.
1526 2823 1581 2883 Per
1595 2823 1735 2884 christum
1749 2824 1902 2883 dominum
1916 2835 2056 2886 nostrum.

1503 3019 1579 3084 xliii.
1593 3019 1653 3084 tat
1668 3036 1736 3099 aun.
1765 3018 1841 3084 Nat
1858 3037 1884 3084 s.
1897 3022 2029 3102 peractis
2043 3021 2196 3102 uirginis&

1439 3151 1476 3212 U.
1490 3153 1528 3212 D.
1543 3163 1649 3213 aeterne
1664 3154 1744 3213 deus.
1786 3153 1885 3214 Beatae
1899 3153 2035 3231 praxedis
2053 3155 2185 3215 natalicia
2205 3157 2296 3234 gemi-

1399 3262 1510 3308 nantes.
1546 3247 1623 3306 Uere
1635 3249 1713 3308 enim
1725 3247 1899 3308 honoranda
1910 3260 1953 3308 est
1967 3248 2037 3319 dies,
2049 3267 2115 3327 quae
2129 3250 2170 3310 sic
2185 3260 2296 3310 terrena

1398 3343 1584 3419 generatione
1609 3343 1757 3418 processit,
1781 3351 1813 3400 ut
1840 3342 1878 3401 ad
1900 3342 2034 3402 diuinitas
2060 3345 2207 3404 consortio
2232 3362 2295 3422 per·

1399 3435 1517 3496 ueniret.
1560 3434 1614 3494 Per
1629 3435 1775 3495 christum.

1496 3614 1537 3681 ll.
1550 3614 1610 3681 isal.
1625 3633 1693 3694 unp.
1714 3613 1791 3680 tint
1806 3632 1832 3680 s.
1846 3619 2030 3698 pantatsunis
2042 3616 2206 3701 nattpris'.

1440 3750 1477 3809 U.
1499 3750 1536 3810 D.
1558 3769 1610 3827 per
1622 3795 1629 3810 .
1641 3793 1649 3810 .
1661 3759 1802 3810 nostrum.
1845 3749 2048 3812 Persoluentes
2068 3753 2242 3814 iubilationis
2264 3764 2294 3815 et

1400 3863 1520 3903 munera
1554 3855 1700 3903 sacrantes
1734 3845 1931 3921 expiationem
1964 3846 2140 3906 ineffabilem
2174 3849 2295 3924 gratiam

1400 3939 1536 3996 miramur
1543 3955 1551 4008 ;
1586 3955 1653 4014 quae
1687 3948 1748 3997 tam
1779 3937 1929 3997 excellenti
1963 3941 2144 4016 protectione
2178 3942 2295 4001 beatum

1400 4031 1583 4110 praemuniuit
1606 4031 1819 4108 pantaleonem,
1839 4040 1872 4091 ut
1899 4033 1926 4090 ei
1950 4051 2011 4092 non
2036 4033 2132 4093 solum
2153 4036 2295 4095 rebellans

1401 4125 1536 4186 seuientis
1557 4125 1645 4184 sectili
1673 4126 1846 4202 peruersitas
1867 4127 2025 4203 quicquam
2049 4127 2230 4188 formidabile
2254 4131 2297 4188 iu·

1401 4219 1473 4278 ferre
1495 4213 1583 4300 [non]
1605 4219 1728 4282 ualebat.
1750 4218 1802 4278 sed
1823 4237 1855 4278 se
1875 4220 1982 4278 uictam
2003 4222 2034 4279 in
2054 4233 2177 4298 marytre
2199 4225 2295 4299 potius

1400 4314 1611 4390 ingemisceret,
1639 4330 1706 4371 cum
1737 4307 1901 4394 probare[t]
1928 4315 2096 4391 extinguere
2129 4334 2218 4392 quem
2247 4317 2296 4376 lux

1433 4511 1442 4542 ¹
1459 4512 1516 4563 Fol.
1525 4525 1569 4562 tat
1579 4511 1604 4564 b.

1434 4590 1444 4618 ¹
1460 4591 1515 4642 Fol.
1525 4601 1572 4653 ιη
1580 4591 1604 4642 b.
1628 4589 1683 4640 The
1695 4590 1767 4640 other
1778 4598 1846 4656 parts
1857 4592 1888 4643 of
1896 4591 1945 4642 this
1957 4592 2027 4642 Mass
2038 4608 2079 4644 are
2090 4593 2219 4657 snbjoined
2227 4615 2266 4645 :—

1436 4670 1496 4721 Coll.
1514 4669 1664 4719 AEcclesiam
1681 4677 1757 4730 mam,
1774 4670 1838 4725 dne..
1849 4670 1874 4719 in
1891 4671 1959 4721 omni
1975 4672 2139 4736 pmsperitste
2156 4675 2260 4728 custodi.
2275 4685 2299 4725 et

1402 4748 1468 4799 beati
1485 4749 1601 4799 bamabae
1623 4748 1732 4814 apostoli
1755 4747 1880 4798 suffultam
1899 4749 2050 4815 patrociniis.
2069 4753 2181 4816 supernis
2199 4753 2299 4818 dignam

1401 4826 1491 4878 exhibe
1503 4826 1609 4891 gaudiis.
1627 4826 1674 4876 Per
1684 4826 1813 4875 dominum
1824 4833 1945 4877 nostrum.

1434 4905 1484 4954 Sec.
1501 4904 1643 4954 Oblationis
1659 4911 1749 4954 nostrae
1762 4919 1851 4954 munus
1868 4911 1917 4960 tua.
1928 4905 1992 4966 dne,
2004 4912 2029 4955 et
2045 4905 2175 4956 benedicat
2189 4914 2215 4957 et
2225 4910 2299 4960 susci·

1401 4983 1454 5048 piat
1465 4983 1573 5040 dextera,
1586 4988 1611 5033 et
1623 4981 1778 5047 supplicante
1790 4989 1875 5032 sancto
1886 4983 1998 5034 barnaba
2013 4983 2137 5049 apostolo,
2148 4988 2301 5052 acceptabile

1331 5099 1336 5111 .
1402 5061 1588 5111 holoscaustum
1599 5076 1645 5110 nos
1656 5061 1702 5110 tibi
1713 5076 1833 5126 praepara.
1856 5061 1903 5112 Per
1914 5062 2032 5112 christum
2043 5062 2171 5112 dominum
2182 5073 2301 5116 nostrum.

1435 5139 1481 5188 Ad
1488 5139 1572 5203 compl.
1590 5139 1665 5203 Quod
1677 5138 1710 5187 de
1726 5139 1797 5188 altari
1812 5147 1863 5198 too,
1874 5140 1939 5197 dne..
1955 5141 2104 5205 sumpsimus
2120 5157 2216 5207 semper
2231 5144 2302 5194 nobis

1403 5215 1525 5284 proficiat,
1538 5223 1563 5266 et
1579 5215 1733 5282 supplicante
1748 5223 1836 5266 sancto
1852 5217 1969 5283 apostolo
1984 5218 2172 5276 barrabanum
2187 5220 2301 5272 thronum

1403 5294 1490 5360 gloriae
1501 5302 1550 5344 tuae
1561 5295 1669 5360 gaudere
1681 5294 1765 5344 faciat.
1782 5295 1830 5345 Per
1841 5296 1979 5346 dominnm.

1436 5373 1482 5422 Ad
1495 5379 1559 5437 uesp.
1584 5372 1659 5428 Deus,
1676 5373 1718 5437 qui
1737 5373 1878 5423 uniuersum
1895 5375 1981 5424 orbern
2001 5375 2122 5440 apostolis
2141 5377 2300 5427 imbuendum

1404 5451 1592 5510 commendasti,
1612 5451 1652 5501 fac
1674 5467 1719 5502 nos
1738 5453 1805 5502 beati
1823 5453 1933 5520 barnabe
1951 5454 2060 5518 apostoli
2080 5454 2117 5504 tui
2134 5457 2301 5508 commendari

1406 5527 1535 5593 suffragiis,
1547 5537 1572 5577 et
1584 5530 1693 5594 praemiis
1705 5531 1792 5582 sociari
1804 5531 1935 5596 perpetuis.
1953 5532 2000 5583 Per
2009 5531 2141 5583 dominum
2150 5542 2270 5584 nostrum.

1502 5607 1674 5672 ’Fol134b
1772 5609 1940 5674 ‘Folrgoa
2038 5611 2204 5674 ‘Folrspa
