5116 6608
893 617 1036 703 iussu
1061 620 1094 692 ui
1117 619 1242 700 Μαι
1267 621 1300 694 ui
1321 620 1506 716 {inunges

272 865 414 948 [mir.
436 867 495 931 itai
518 867 578 932 iun.
619 865 695 932 tint.
716 881 742 932 a.
761 867 903 932 nursini
924 865 1126 950 armimismpi
1135 871 1155 934 ¹.

315 1012 406 1086 Deus,
418 1014 500 1074 cuius
514 1013 620 1074 erinna
634 1013 760 1074 dulcedo
775 1014 892 1073 beatum
907 1012 1084 1073 dunstanum
1099 1033 1174 1092 pon·

274 1108 382 1167 tilicem
401 1107 539 1185 gloriosae
561 1109 720 1180 exornauit,
734 1107 865 1168 concede
886 1108 1053 1179 clementer,
1068 1127 1173 1186 quesu-

273 1219 349 1274 mus,
368 1203 474 1262 astanti
503 1201 629 1273 familia,
648 1213 680 1262 ut
703 1220 774 1280 grex
800 1202 923 1262 deuotus
951 1213 1088 1280 sequatur
1112 1222 1172 1281 quo

274 1308 361 1373 caput
375 1297 515 1356 eximium
528 1296 683 1374 praecessit
724 1295 780 1356 Per
793 1296 946 1355 dominum
961 1307 1101 1358 nostrum.

671 1441 753 1502 Altis.

313 1561 510 1640 Omnipotens
538 1561 713 1639 sempiterne
739 1561 820 1635 deus,
848 1561 897 1638 qni
932 1561 1082 1622 hodiemae
1114 1563 1172 1624 diei

271 1656 446 1732 sollempnia
481 1655 740 1716 sacrosanctissimi
775 1655 921 1732 pontificis
956 1655 998 1716 tui
1033 1657 1170 1716 dunstani

270 1751 351 1810 obitu
364 1749 468 1810 fesnue
482 1749 633 1820 exhilaras,
648 1749 695 1819 da,
710 1767 879 1826 quesumus,
894 1759 925 1808 ut
939 1759 1021 1809 tanto
1039 1752 1170 1827 patronis

270 1843 411 1920 praesidiis
426 1843 577 1904 loueamur
591 1844 622 1901 in
635 1844 712 1902 aruis
727 1843 763 1902 de
778 1842 860 1902 cuius
880 1842 1019 1903 societate
1039 1843 1170 1906 caelestes

270 1939 349 1998 ciues
363 1937 493 1998 exultant
507 1937 538 1996 in
552 1938 646 1997 astris.
688 1935 743 1996 Per
756 1935 917 1996 dominum.

643 2080 763 2142 Secreta.

311 2202 475 2273 Libamina,
500 2219 614 2262 summe
642 2201 723 2272 deus,
749 2203 910 2278 praesentia
939 2204 1051 2279 superis
1078 2203 1169 2262 bene·

270 2297 358 2358 dicito
372 2296 499 2370 sedibus,
515 2315 581 2374 quae
595 2307 646 2356 tuo
661 2295 787 2355 antistite
802 2295 946 2356 dunstano
961 2306 1100 2356 exorante
1114 2315 1168 2374 pro

269 2391 363 2462 nobis,
386 2390 538 2468 praesentis
565 2391 633 2450 uitae
661 2389 894 2468 tranquillitatem
921 2390 1115 2467 percipiamus
1140 2399 1169 2450 et

269 2485 391 2561 gloriam
405 2485 555 2563 promissas
570 2484 742 2545 hereditatis
784 2483 840 2543 Per
853 2483 1014 2544 dominum.

642 2630 794 2712 Proesatr'o.

309 2751 348 2813 U.
356 2751 394 2813 D.
405 2751 521 2814 Gratias
535 2769 629 2830 agere,
643 2762 713 2811 uota
723 2749 845 2822 soluere,
854 2767 977 2810 munera
987 2767 1166 2822 consecrare,

268 2848 395 2914 domine,
413 2857 521 2908 sancta
541 2857 632 2924 pater,
650 2847 839 2922 omnipotens
858 2854 965 2904 aeterne
982 2843 1063 2905 deus.
1107 2843 1167 2916 Qui

268 2943 385 3002 beatum
407 2942 583 3002 dunstanum
605 2939 803 3001 consessorem
822 2949 905 2998 tuum
926 2938 1097 3016 praeelegr'sti
1114 2938 1165 2997 tibi

269 3046 380 3112 sacrate
402 3035 595 3096 consessionis
615 3036 780 3106 antistitem,
803 3033 915 3111 ingenti
935 3031 1045 3093 lumine
1066 3050 1165 3093 coms-

269 3141 393 3203 cantem,
404 3147 519 3190 morum
528 3129 645 3188 lenitate
656 3127 823 3207 pollentem,
835 3126 901 3186 fidei
915 3125 1029 3187 feruore
1040 3126 1164 3204 flagran-

268 3237 334 3297 tem,
349 3224 456 3302 eloquii
470 3223 550 3284 fonte
564 3221 784 3283 redundantem.
822 3220 877 3280 Cui
892 3239 958 3298 quae
972 3221 1009 3280 sit
1022 3220 1164 3297 gloriatio,

268 3319 394 3379 ostendit
408 3336 567 3379 concursus
581 3317 619 3378 ad
632 3316 784 3388 tumulum,
795 3315 957 3393 pnrificatio
972 3315 1165 3386 incursorum,

268 3412 380 3472 medela
395 3412 604 3490 languentium,
617 3410 812 3471 mirandarum
827 3410 911 3486 signa
924 3409 1069 3469 uirtutum.
1105 3409 1164 3482 Qui

267 3508 320 3567 etsi
340 3506 388 3566 hic
408 3505 572 3566 naturaliter
594 3504 660 3566 iecit
680 3504 769 3564 finem
790 3522 843 3581 per
862 3505 1021 3576 transitum,
1043 3503 1099 3562 illic
1121 3504 1164 3561 ui·

268 3611 338 3661 uunt
358 3601 504 3678 pontificis
526 3601 627 3660 merita
646 3610 714 3677 post
735 3597 927 3676 sepulchrum,
942 3597 992 3657 ubi
1010 3598 1164 3674 praesentia

268 3695 416 3756 saluatoris
431 3705 474 3755 est
489 3695 571 3754 ihesu
584 3688 682 3754 christi
695 3691 806 3753 domini
820 3692 921 3752 nostri.
964 3691 1020 3752 Per
1033 3709 1131 3768 quem.

589 3839 641 3897 Ad
650 3837 839 3915 compbndum.

308 3959 468 4036 Sollempni
504 3959 605 4019 sedulo
636 3958 773 4018 diuinitus
803 3958 929 4019 roborati
959 3968 1016 4018 tuae
1049 3960 1162 4036 pietatis

266 4071 382 4114 oramus
405 4053 599 4125 clementiam,
619 4053 737 4112 domine
758 4051 838 4124 deus,
853 4061 885 4111 ut
906 4063 1024 4112 sanctus
1045 4052 1162 4113 dunsta-

266 4165 320 4208 nus
342 4146 474 4225 pontifex
496 4165 552 4224 pro
574 4147 660 4206 nobis
682 4155 782 4206 exoret
803 4146 833 4204 in
855 4145 937 4216 ooelo,
959 4146 1041 4206 cuius
1061 4163 1162 4206 sumus

266 4243 390 4302 interris
410 4241 448 4300 ad
469 4242 544 4300 bene
559 4240 704 4318 agendum
719 4240 840 4300 erudi0'
854 4239 997 4317 exemplo.
1039 4238 1094 4299 Per
1108 4240 1162 4299 do-

266 4337 376 4395 minum
394 4345 534 4396 nostrum.

605 4414 671 4492 ,Ad
680 4427 810 4494 uesperor.

304 4535 395 4606 Deus,
404 4536 532 4596 fidelium
544 4544 742 4596 remunerator
752 4534 921 4606 animarum,
931 4547 1045 4612 praests,
1055 4552 1161 4613 quesn-

264 4649 338 4702 mus,
352 4641 383 4690 ut
402 4631 480 4690 beati
498 4629 633 4690 dunstani
652 4629 828 4690 confessoris
842 4629 883 4687 tui
902 4637 989 4706 atque
1006 4629 1160 4706 pontificis,

264 4727 344 4784 euius
368 4722 566 4785 uenerandum
586 4723 766 4783 celebramus
790 4722 986 4794 sestiuitatem,
1004 4723 1067 4783 eius
1087 4741 1160 4801 prae-

264 4820 345 4879 cibus
358 4819 569 4896 indulgentiam
583 4834 805 4894 consequamur.
847 4815 912 4875 Per.

679 4962 757 5020 Alia.

302 5084 392 5155 Deus,
413 5084 463 5161 qui
486 5100 543 5143 nos
563 5082 640 5142 beati
660 5078 795 5140 dunstani
816 5077 992 5139 confessoris
1011 5081 1052 5139 tui
1073 5090 1160 5158 atque

263 5177 407 5253 pontificis
427 5194 524 5236 annua
544 5175 756 5252 sollempnitate
778 5173 906 5233 laetifieas
916 5193 925 5245 ;
947 5175 1079 5234 concede
1092 5192 1159 5253 pro·

262 5271 356 5348 pitius,
379 5282 411 5331 nt
435 5271 517 5332 cuius
539 5269 673 5330 natalicia
697 5269 827 5339 colimus,
852 5267 890 5327 de
911 5268 1043 5329 eiusdem
1070 5269 1158 5328 etiarn

262 5368 441 5444 protectione
455 5365 641 5444 gaudeamus.
685 5363 740 5423 Per
754 5364 914 5423 dominum.

277 5515 285 5544 ¹
301 5515 357 5566 Fol.
369 5529 415 5579 ¹²5
424 5531 448 5565 a.
472 5514 518 5565 See
529 5529 554 5579 p.
567 5515 622 5581 298.
645 5514 669 5563 A
681 5510 793 5562 different
805 5511 879 5578 Mass
888 5525 973 5561 occurs
984 5510 1010 5560 in
1023 5509 1076 5560 MS.
1088 5512 1118 5562 C.
1127 5511 1156 5561 C.

261 5594 288 5644 C.
297 5593 327 5644 C.
337 5603 392 5656 270.
404 5593 448 5642 iol.
460 5603 523 5655 912.

291 5669 301 5700 ¹
321 5693 343 5714 ι
355 5671 462 5723 eruditi?

2053 630 2123 723 285

1324 867 1483 935 militiai
1498 869 1558 934 iun.
1582 868 1659 936 Nat.
1674 871 1866 952 assignaturi
1880 871 2005 956 spismpi
2012 872 2032 937 ¹.

1264 1001 1355 1074 Deus,
1370 1003 1420 1080 qui
1439 1021 1494 1064 nos
1513 1004 1622 1066 deuota
1641 1005 1718 1065 beati
1732 1007 1879 1084 augustini
1893 1007 2070 1070 confessoris
2084 1009 2125 1068 tui

1224 1103 1310 1173 atque
1325 1097 1471 1173 pontificis
1491 1097 1626 1158 instantia
1642 1099 1680 1159 ad
1697 1101 1877 1177 agnitionem
1897 1101 1938 1161 tui
1956 1103 2048 1163 sancti
2069 1119 2125 1162 no·

1223 1189 1310 1249 minis
1331 1207 1437 1250 uocare
1459 1191 1595 1269 dignatus
1616 1211 1657 1266 es,
1678 1193 1808 1254 concede
1825 1195 1969 1274 propitius
1988 1205 2021 1256 ut
2042 1197 2125 1257 cuius

1223 1283 1396 1362 sollempnia
1409 1284 1541 1359 colimus,
1552 1288 1640 1346 etiam
1654 1288 1815 1365 patrocinia
1828 1289 1997 1351 sentiamus.
2038 1289 2102 1351 Per.

1612 1443 1733 1506 Secreta.

1264 1558 1394 1631 Hostias,
1423 1561 1553 1635 domine,
1577 1561 1672 1625 laudis
1700 1565 1756 1626 tuis
1781 1565 1918 1626 altaribus
1942 1565 2123 1639 adhibemus,

1221 1670 1294 1730 quas
1321 1654 1383 1714 eius
1412 1655 1463 1714 tibi
1490 1657 1653 1734 patrocinio
1688 1657 1834 1719 credimus
1862 1659 2122 1734 commendandas,

1221 1747 1303 1808 cuius
1324 1763 1380 1808 nos
1400 1749 1518 1810 noluisti
1532 1751 1609 1811 uotis
1630 1751 1669 1811 ad
1688 1762 1745 1812 tuae
1765 1753 1879 1829 pietatis
1896 1754 2046 1832 pemenire
2068 1773 2123 1814 no·

1220 1840 1320 1902 titiam.
1362 1839 1426 1902 Per.

1593 1927 1747 2006 Proejiatio.

1260 2041 1298 2102 U.
1314 2043 1350 2102 D.
1365 2054 1472 2105 aeteme
1493 2045 1574 2106 dens.
1615 2045 1761 2126 Diemqne
1774 2049 1942 2111 natalicium
1955 2050 2033 2112 beati
2046 2068 2122 2129 pou·

1219 2136 1304 2197 tificis
1341 2138 1575 2217 confessorisque
1611 2141 1652 2200 tui
1680 2143 1826 2220 augustini
1855 2144 1937 2204 omni
1964 2143 2123 2205 deuotione

1219 2231 1370 2306 uenerari;
1392 2233 1560 2310 suppliciter
1581 2235 1770 2296 obsecrantes
1792 2248 1824 2296 ut
1846 2237 1944 2316 ipsum
1965 2255 2021 2298 nos
2042 2239 2122 2316 apud

1219 2335 1299 2385 tuam
1323 2325 1508 2387 clementiam
1530 2329 1689 2390 sentiamus
1710 2329 1817 2391 habere
1846 2343 2012 2410 patronum,
2032 2350 2121 2412 quem

1219 2428 1269 2478 tua
1283 2421 1375 2497 gratia
1390 2421 1536 2499 largiente,
1552 2425 1711 2485 meruimus
1728 2435 1842 2487 aeternae
1860 2425 1959 2490 salutis
1974 2428 2121 2507 suscipere

1218 2514 1391 2574 ministrum.
1434 2514 1489 2576 Per
1502 2516 1650 2577 christum.

1543 2661 1794 2741 Adcomplendum.

1259 2779 1343 2841 Beati
1376 2777 1550 2864 augusti[ni]
1578 2783 1754 2846 confessoris
1781 2784 1823 2846 tui
1850 2794 1937 2864 atque
1965 2787 2119 2865 pontilicis,

1217 2874 1345 2946 domine,
1366 2876 1510 2953 praecibus
1531 2877 1722 2949 confidentes,
1745 2896 1905 2956 quesumus
1925 2879 2119 2942 claementiam

1217 2978 1305 3040 tuam,
1319 2981 1352 3029 ut
1366 2988 1418 3047 per
1431 2989 1467 3030 ea
1482 2988 1549 3048 quae
1563 2973 1741 3050 sumpsimus
1755 2982 1864 3033 aeterna
1878 2975 2007 3036 remedia
2020 2976 2119 3053 capia-

1217 3081 1290 3124 mus.
1333 3063 1397 3124 Per.

1316 3255 1370 3321 ts.
1392 3256 1451 3322 ital
1465 3256 1517 3321 iul.
1558 3253 1634 3323 Nat
1649 3273 1675 3321 s.
1689 3257 1860 3340 sibilus-ptis
1873 3259 2026 3339 uirgiuis’.

1257 3388 1348 3463 Deus,
1363 3390 1518 3450 ineffabilis
1533 3409 1629 3452 rerum
1643 3392 1778 3452 conditor
1791 3393 2000 3466 uniuersarum,
2010 3395 2060 3473 qui
2075 3395 2118 3453 ia·

1216 3484 1301 3546 mulis
1329 3485 1386 3544 tuis
1413 3503 1543 3545 annuam
1568 3485 1718 3546 hodiernae
1744 3486 1906 3547 iestiuitatis
1927 3486 2056 3548 laetitiam
2086 3489 2117 3546 in

1216 3578 1384 3638 ueneranda
1411 3580 1488 3639 alme
1521 3579 1643 3656 uirginis
1675 3590 1731 3640 tuae
1763 3580 1897 3658 praecluis
1928 3581 2117 3660 aetheldrythe

1215 3673 1336 3732 tribuisti
1357 3674 1649 3744 commemoratione,
1665 3691 1833 3749 quesumus,
1851 3684 1883 3733 ut
1903 3675 2008 3735 eadem
2029 3675 2117 3735 inter-

1215 3767 1360 3837 ueniente,
1374 3767 1510 3826 uitiorum
1525 3767 1673 3826 incentiua
1687 3785 1829 3844 queamus
1844 3770 1951 3828 nociua
1969 3787 2115 3848 superare,

1215 3870 1244 3920 et
1268 3862 1305 3921 ad
1328 3871 1357 3920 te
1381 3878 1527 3920 summum
1550 3861 1663 3920 bonum
1685 3862 1736 3938 qui
1760 3879 1830 3922 uera
1852 3863 1900 3922 lux
1925 3881 1957 3923 es
1980 3864 2059 3924 callis
2082 3883 2116 3925 ac

1214 3955 1307 4031 pietas
1328 3955 1465 4014 diuinitus
1483 3957 1643 4032 peruenire.
1684 3956 1748 4016 Per.

1628 4113 1708 4174 Altis.

1255 4231 1452 4311 Omnipotens
1478 4233 1686 4312 praecluissime
1714 4235 1795 4308 deus,
1817 4248 1918 4296 auctor
1942 4237 2062 4309 uirtutis,
2085 4249 2114 4298 et

1214 4339 1327 4389 amator
1340 4329 1521 4405 uirginitatis,
1538 4329 1588 4407 qui
1604 4330 1721 4388 beatam
1734 4328 1957 4407 aetheldrytham
1972 4330 2114 4392 hodierna

1214 4421 1260 4481 die
1282 4423 1418 4500 dignatus
1439 4440 1471 4483 es
1492 4421 1530 4481 ad
1552 4422 1615 4482 eaeli
1637 4423 1744 4501 gaudia
1768 4423 1921 4495 deducere,
1943 4426 2114 4503 suppliciter

1213 4526 1293 4575 tuam
1317 4516 1508 4594 imploramus
1534 4516 1727 4589 clementiam,
1752 4528 1785 4576 ut
1809 4518 1891 4578 cuius
1916 4535 2028 4579 sacram
2053 4519 2113 4578 sol·

1213 4609 1414 4688 lempnitatem
1438 4609 1621 4670 caelibramus
1645 4611 1675 4668 in
1700 4611 1784 4681 aruis,
1802 4611 1839 4670 de
1861 4612 1992 4673 eiusdem
2015 4623 2112 4692 patro·

1214 4704 1295 4766 ciniis
1305 4704 1486 4782 gaudeamus
1501 4703 1530 4762 in
1545 4705 1637 4764 astris.
1679 4704 1733 4764 Per
1747 4704 1907 4764 dominum.

1605 4858 1723 4920 Secreto.

1252 4980 1381 5040 Domine
1403 4980 1475 5040 deus
1497 4980 1710 5057 cunctipotens,
1735 4981 1822 5040 totius
1851 4983 2000 5042 mundane
2025 4983 2110 5044 molis

1212 5074 1348 5135 mirificus
1369 5073 1476 5152 opifex,
1498 5073 1614 5150 suscipe
1631 5073 1859 5152 deprecationes
1877 5093 2028 5136 seruorum
2046 5087 2109 5137 tuo-

1211 5186 1277 5228 rum
1304 5186 1372 5227 cum
1397 5168 1565 5227 muneribus
1590 5165 1758 5239 hostiarum,
1782 5186 1840 5246 que
1864 5169 1895 5228 in
1916 5171 2109 5231 sacratissima

1211 5262 1384 5322 celebritate
1405 5261 1521 5321 lamulae
1542 5271 1600 5319 tuae
1629 5260 1826 5338 aetheldrythae
1855 5262 1905 5323 tibi
1934 5262 2107 5338 deserimus;

1210 5367 1239 5417 et
1258 5357 1389 5416 concede
1403 5367 1434 5415 ut
1448 5374 1502 5432 per
1515 5355 1578 5415 haec
1589 5355 1688 5414 diuina
1703 5367 1883 5416 sacramenta
1901 5369 2024 5418 cunctos
2044 5379 2107 5418 car·

1242 5505 1250 5534 ¹
1268 5505 1323 5556 Fol.
1343 5503 1389 5554 126
1398 5521 1422 5555 a.
1456 5503 1577 5553 Different
1594 5502 1691 5554 Messes
1707 5519 1749 5554 are
1766 5504 1839 5569 given
1856 5504 1882 5554 in
1899 5504 1997 5557 [miris
2015 5507 2045 5558 C.
2062 5508 2107 5560 sol.

1211 5583 1305 5650 276b.;
1323 5584 1455 5637 MS.C.C.
1464 5585 1493 5635 C.
1503 5583 1532 5634 C.
1546 5592 1601 5646 ²7⁰·
1613 5583 1657 5634 iol.
1669 5598 1700 5649 9²
1709 5583 1734 5637 b.
1757 5583 1804 5636 See
1815 5601 1840 5650 p.
1854 5586 1909 5651 298.

1240 5663 1251 5693 ¹
1268 5661 1323 5714 Fol
1335 5664 1416 5714 rs8b.
