5116 6608
427 593 498 666 266

763 585 985 687 &matum

721 861 724 870 Ι
757 791 986 855 Postcommumo.

466 911 574 973 Sancta
582 921 639 984 tua,
650 910 780 985 domine,
789 912 826 972 de
834 911 911 972 beati
922 911 973 973 .Ν.
983 912 1116 992 martyris
1125 911 1252 989 pretiosa
1260 927 1328 988 pas-

424 1007 517 1077 sione,
535 1024 624 1084 quam
645 1006 783 1083 preimus,
798 1024 854 1066 nos
876 1008 1036 1079 refoueant,
1050 1007 1156 1085 quibus
1176 1016 1206 1066 et
1226 1005 1330 1083 iugiter

425 1101 564 1164 satiamur
577 1110 606 1161 et
619 1119 735 1180 semper
748 1101 947 1162 desideramus
961 1102 1079 1181 expleri.
1121 1101 1186 1163 Per.

551 1316 595 1382 liu
606 1318 703 1381 uatalr
716 1317 907 1401 plurimarum
919 1319 1066 1399 uirginum
1079 1319 1183 1385 nura.

468 1462 588 1540 Porrige
602 1463 697 1537 nobis,
708 1481 877 1541 quesumus,
891 1465 1018 1538 domine,
1030 1466 1181 1527 dexteram
1195 1477 1284 1539 tuam,
1299 1475 1328 1526 et

426 1576 480 1636 per
513 1559 742 1620 intementiones
777 1577 925 1620 sacrarum
956 1561 1104 1639 uirginum
1135 1572 1249 1621 tuamm
1277 1557 1328 1620 .N.

426 1657 566 1718 auxilium
579 1658 666 1720 nobis
680 1675 805 1736 superne
819 1659 931 1720 uirtutis
948 1659 1095 1739 impende.
1136 1659 1200 1720 Per.

818 1828 938 1889 Secreta.

469 1933 601 2014 suscipe,
616 1935 744 2008 domine,
761 1954 863 2014 preces
885 1948 913 1997 et
934 1955 1135 2015 muneraque
1155 1947 1187 1996 ut
1207 1947 1329 2015 accepta

427 2041 479 2090 tuo
504 2031 562 2090 sint
589 2030 768 2106 conspectui,
796 2041 962 2092 sanctarum
986 2042 1099 2092 tuarum
1121 2029 1173 2091 .N.
1194 2031 1328 2110 precibus

427 2125 604 2184 adiuuemur.
645 2123 711 2184 Per.

807 2206 949 2285 Prefutto.

468 2324 504 2385 U.
520 2325 558 2386 D.
573 2335 671 2385 eterne
686 2327 767 2386 deus.
804 2326 864 2401 Qui
879 2338 911 2387 ut
926 2327 962 2388 de
977 2327 1062 2388 hoste
1079 2328 1193 2406 generis
1208 2327 1328 2388 humani

428 2421 521 2479 maior
530 2420 652 2481 uictoria
662 2420 820 2493 duceretur,
834 2439 896 2481 non
907 2421 1003 2482 solum
1017 2441 1070 2499 per
1080 2423 1159 2481 uiros
1174 2423 1327 2500 antiquum

426 2511 543 2574 hostem
556 2515 728 2592 exuperasti,
744 2515 797 2576 sed
811 2515 848 2575 de
862 2533 899 2576 eo
914 2516 1001 2575 etiam
1022 2535 1074 2594 per
1086 2514 1211 2576 seminas
1230 2518 1327 2576 trium-

427 2607 533 2685 phasti.
574 2607 613 2668 Et
627 2609 702 2670 ideo.

763 2691 990 2751 Postcommumb.

471 2807 594 2882 satiasti,
614 2810 744 2881 domine,
761 2809 899 2870 familiam
927 2821 1007 2870 tuam
1030 2812 1200 2872 muneribus
1220 2813 1309 2873 sacris
1319 2833 1328 2888 3

428 2921 538 2968 earum.
561 2923 730 2983 quesumus,
755 2923 869 2984 semper
896 2906 1108 2966 interuentione
1137 2925 1193 2968 nos
1220 2906 1329 2979 reioue,

428 3016 551 3075 quarum
564 2999 738 3060 memoriam
754 3000 941 3061 celebramus.
983 2999 1047 3060 Per.

719 3228 768 3294 Dr
781 3235 884 3294 sautia
899 3229 1040 3294 trinitati.

809 3375 949 3453 Presotr'a

470 3493 506 3553 V.
523 3493 562 3553 D.
577 3504 675 3569 qterna
689 3494 771 3555 deus.
814 3495 873 3570 Qui
888 3514 956 3556 cum
970 3497 1129 3574 unigenito.
1171 3494 1305 3572 Requr’re.

693 3710 783 3785 fitia
797 3711 828 3777 tt.
854 3711 919 3791 {Bru
933 3713 1064 3794 precatis.

811 3859 950 3937 Presaub.

473 3960 511 4021 U.
525 3960 563 4022 D.
581 3973 680 4024 eterne
698 3963 780 4025 deus.
822 3965 996 4043 Suppliciter
1015 3965 1204 4043 implorantes
1226 3974 1258 4023 ut
1278 3982 1334 4024 nos

433 4056 470 4117 ab
493 4057 630 4117 omnibus
654 4060 781 4136 peccatis
806 4059 962 4120 clementer
989 4061 1102 4137 eripias,
1127 4070 1156 4119 et
1180 4077 1198 4118 a
1221 4059 1334 4118 cunctis

432 4161 570 4230 protegas
597 4152 742 4232 benignus
765 4154 898 4214 inimicis.
940 4154 996 4216 Per
1020 4154 1158 4214 christum
1182 4153 1334 4212 dominum

432 4255 573 4306 nostrum.

592 4362 683 4437 ferta
698 4363 739 4428 iii.
775 4362 823 4428 flu
837 4365 981 4444 suffragia
994 4366 1170 4444 augelorum.

806 4510 959 4590 Proesatr'o.

475 4631 512 4690 V.
526 4630 564 4691 D.
585 4638 684 4690 eterne
705 4629 787 4690 deus.
830 4629 975 4704 Quamuis
996 4632 1076 4690 enirn
1097 4631 1173 4694 illius
1195 4635 1333 4695 sublimis.

434 4724 567 4802 Reqar're.

663 4851 751 4926 faria
764 4854 802 4918 tri.
842 4853 893 4919 Dr
906 4861 1009 4918 sumta
1022 4873 1108 4920 aare.

814 4999 954 5080 Presatrb.

434 5115 514 5268 RU.
532 5116 570 5177 D.
591 5128 689 5193 eterne
710 5117 792 5179 deus.
844 5117 905 5192 Qui
926 5119 1048 5180 salutem
1069 5121 1190 5183 humani
1210 5124 1334 5202 generis.

467 5229 567 5288 equire.

681 5340 858 5406 Setinum
872 5348 973 5408 saurta
986 5344 1087 5409 matta

723 5487 728 5502 “
815 5488 957 5565 Prefatr'o.

479 5602 516 5664 V.
531 5603 569 5666 D.
589 5615 687 5680 eterna
708 5605 787 5668 deus.
830 5607 869 5668 Et
889 5610 1028 5688 precipue
1048 5628 1102 5688 pro
1123 5610 1231 5672 meritis
1251 5611 1335 5687 beate

1381 785 1428 846 dei
1451 785 1597 864 genitricis
1617 797 1647 847 et
1670 795 1809 864 perpetue
1830 785 1951 862 uirginis
1970 785 2064 864 gratia
2084 786 2179 864 plene,
2200 797 2281 847 tuam

1381 885 1625 964 omnipotentiam
1639 884 1765 957 laudare,
1780 885 1963 958 benedicere,
1977 895 2006 944 et
2024 884 2182 963 predicare.
2224 885 2281 948 Per

1380 978 1520 1039 christum
1534 978 1687 1039 dominum
1701 989 1842 1040 nostrum.

1638 1207 1704 1289 pru
1717 1209 1850 1274 duritias
1863 1209 2018 1276 rinnau.

1759 1355 1900 1436 Presatrb.

1420 1473 1457 1534 U.
1471 1473 1510 1534 D.
1524 1493 1576 1552 per
1596 1475 1736 1535 christum
1758 1475 1910 1536 dominum
1931 1485 2071 1536 nostrum.
2115 1474 2171 1536 Per
2191 1493 2280 1553 quem

1379 1568 1458 1630 salus
1473 1569 1584 1631 mundi.
1624 1567 1757 1646 Requr'rc.

1720 1737 1791 1798 Alia
1799 1741 1933 1818 prefato.

1419 1857 1457 1918 V.
1473 1857 1510 1918 D.
1525 1870 1623 1919 eteme
1638 1857 1719 1919 deus.
1761 1857 1822 1932 Qui
1843 1858 1929 1918 nobis
1949 1859 1980 1917 in
2001 1856 2110 1918 christo
2129 1857 2279 1936 unigenito

1379 1951 1438 2012 filio
1454 1963 1504 2012 tuo
1519 1953 1642 2013 domino
1656 1964 1767 2014 nostro.
1808 1951 1933 2031 Requr're
1946 1959 2028 2012 retro.

1448 2181 1560 2256 Μίκκα
1574 2184 1693 2265 propria
1705 2183 1850 2266 puntiiiriu
1863 2183 1895 2246 iu
1908 2183 2086 2247 sitientium
2102 2183 2207 2266 ipsim

1420 2327 1481 2388 Fac
1495 2346 1621 2403 meeum,
1636 2328 1763 2388 domine.

1419 2422 1563 2483 Psalmur.
1586 2422 1705 2495 Inclina,
1721 2422 1850 2482 domine.
1891 2421 2025 2499 Require.

1766 2589 1896 2652 Collecla.
1987 2655 1989 2661 ,

1420 2711 1510 2783 Deus,
1523 2712 1572 2788 qui
1584 2711 1673 2788 digne
1683 2711 1735 2770 tibi
1747 2711 1934 2771 seruientium
1945 2727 2000 2770 nos
2013 2707 2074 2790 (me
2083 2708 2280 2790 peccatorem)

1380 2805 1484 2864 imitari
1505 2805 1652 2865 desideras
1672 2804 1863 2878 famulatum
1885 2805 1924 2865 da
1943 2806 2028 2864 uobis
2045 2803 2140 2884 (mihi)
2156 2807 2281 2865 caritatis

1379 2908 1429 2974 tue
1452 2899 1571 2958 ilamma
1592 2900 1693 2959 ardere
1715 2897 1970 2978 succensos(um);
2000 2909 2032 2958 ut
2053 2900 2211 2959 antistitum
2232 2899 2282 2958 de·

1380 3012 1432 3053 eus
1460 2993 1599 3071 priorum,
1627 2995 1678 3070 qui
1703 2993 1753 3054 tibi
1782 2993 1961 3071 placuemnt,
1984 2991 2184 3071 mereamur(r)
2210 3011 2281 3052 con-

1381 3089 1469 3150 sortia
1482 3087 1587 3168 (decus
1602 3099 1631 3148 et
1644 3088 1838 3168 consortium)
1852 3089 1992 3149 obtinere.
2034 3087 2090 3149 Per
2108 3088 2271 3148 domiuum.

1641 3323 1646 3334 ¹
1672 3259 1768 3318 Lectio
1781 3263 1823 3320 od
1832 3259 1984 3321 roman0s¹.

1421 3381 1545 3451 Fratres,
1556 3381 1653 3440 omnis
1667 3380 1800 3457 pontifex
1811 3398 1849 3440 ex
1862 3381 2030 3440 hominibus
2045 3389 2213 3458 assumptus
2227 3399 2281 3459 pro

1380 3473 1547 3536 hominibus
1568 3475 1750 3534 constituitur
1770 3475 1800 3533 in
1821 3475 1867 3535 his
1888 3494 1945 3552 que
1966 3482 2032 3534 sunt
2054 3475 2091 3534 ad
2113 3474 2223 3548 deum;
2250 3486 2282 3535 ut

1381 3570 1483 3630 offerat
1501 3570 1580 3629 dona
1593 3579 1622 3629 et
1639 3564 1854 3648 sacrificia'pro
1868 3571 2003 3648 peccatis.
2050 3568 2112 3644 Qui
2126 3569 2281 3630 condolere

1380 3665 1474 3741 possit
1494 3663 1539 3723 his
1560 3665 1610 3741 qui
1631 3665 1767 3741 ignorant
1780 3675 1809 3724 et
1829 3675 1933 3736 errant,
1948 3664 2088 3742 quoniam
2108 3675 2137 3723 et
2150 3665 2212 3741 ipse
2227 3663 2282 3722 cir·

1381 3758 1534 3819 cumdatus
1555 3770 1599 3817 est
1620 3758 1793 3819 infirmitate.
1835 3759 1876 3818 Et
1897 3769 2051 3836 propterea
2070 3759 2166 3830 debet,
2180 3775 2282 3836 quem-

1382 3853 1542 3913 admodum
1563 3870 1617 3930 pro
1638 3853 1750 3931 populo
1771 3864 1801 3912 et
1821 3871 1875 3931 pro
1896 3854 2053 3930 semetipso
2068 3853 2173 3912 oilerre
2194 3851 2281 3910 sacri·

1382 3946 1476 4008 ficia².
1512 3946 1576 4007 Nec
1591 3948 1745 4025 quisquam
1760 3949 1848 4008 sumit
1864 3949 1918 4007 sibi
1933 3948 2085 4018 honorem,
2100 3946 2152 4006 sed
2167 3947 2216 4023 qui
2231 3963 2282 4004 uo-

1383 4053 1493 4103 catura
1507 4042 1572 4114 deo,
1588 4053 1738 4119 tamquam
1753 4061 1851 4113 aaron,
1867 4042 2117 4120 quemadmodum
2129 4041 2281 4117 'scriptum

1383 4137 1463 4197 est³2
1486 4136 1535 4197 Tu
1556 4155 1589 4197 es
1609 4137 1745 4198 sacerdos
1766 4138 1797 4197 in
1812 4148 1952 4210 eternum,
1967 4135 2130 4196 secundum
2147 4135 2280 4195 ordinem

1383 4231 1605 4291 melchisedech.

1427 4337 1561 4398 Grudalc.
1584 4338 1620 4396 In
1635 4337 1692 4398 deo
1706 4340 1833 4415 sperauit
1847 4357 1899 4398 cor
1913 4355 2019 4396 meum.

1428 4431 1462 4492 U.
1483 4432 1532 4492 Ad
1545 4445 1582 4504 te,
1597 4433 1725 4503 domine,
1740 4433 1882 4492 clamabo.
1924 4432 2056 4492 Alleluia.

1427 4526 1461 4585 U.
1483 4527 1520 4585 In
1534 4537 1570 4600 te,
1585 4526 1714 4601 domine,
1729 4527 1851 4604 speraui.

1670 4697 1826 4757 Secundum
1839 4715 1965 4755 marcum
1970 4697 1991 4756 ⁴.

1424 4815 1459 4875 ln
1480 4815 1529 4876 illo
1550 4827 1682 4894 tempore
1704 4818 1843 4877 circuibat
1864 4815 1962 4876 ihesus
1984 4814 2102 4903 castella
2118 4815 2149 4874 in
2163 4814 2283 4875 cicuitu

1383 4912 1512 4984 docens;
1534 4922 1563 4972 et
1577 4911 1775 4972 conuocauit⁶
1789 4911 1954 4981 duodecim,
1969 4921 1999 4969 et
2011 4911 2088 4987 cepit
2102 4928 2153 4969 eos
2171 4911 2283 4970 mittere

1382 5006 1475 5077 binos,
1491 5016 1520 5065 et
1535 5006 1623 5066 dabat
1639 5004 1693 5064 illis
1707 5015 1882 5083 potestatem
1897 5005 2049 5082 spirituum
2066 5003 2281 5064 inmundorum.

1382 5100 1421 5160 Et
1445 5100 1575 5178 precepit
1599 5100 1641 5159 eis
1662 5119 1700 5161 ne
1723 5099 1793 5177 quid
1814 5099 1948 5159 tollerent
1969 5101 1999 5158 in
2020 5099 2077 5170 uia,
2095 5099 2149 5157 nisi
2170 5099 2284 5175 uirgam

1383 5204 1513 5265 tantum;
1536 5212 1599 5253 non
1620 5213 1728 5272 peram,
1750 5211 1811 5254 non
1832 5211 1948 5271 panem,
1971 5212 2067 5270 neque
2088 5193 2119 5251 in
2136 5211 2212 5252 zona
2231 5211 2284 5264 aes,

1383 5288 1436 5348 sed
1463 5288 1599 5349 calciatos
1627 5288 1793 5360 scandaliis,
1821 5297 1851 5347 et
1885 5306 1923 5347 ne
1955 5288 2143 5348 induerentur
2170 5287 2285 5346 duabus

1417 5471 1614 5524 ¹1·Ieb.v.1·6.
1953 5471 2025 5537 'pro
2037 5471 2147 5537 peccatis
2158 5470 2217 5520 Vul.

1415 5551 1449 5582 ’δ
1461 5552 1497 5603 sic
1515 5586 1522 5602 .
1540 5586 1546 5601 .
1564 5549 1625 5603 dicit
1634 5551 1692 5602 Vul.
1952 5549 1961 5580 ⁸
1978 5550 2057 5601 Maro.
2068 5549 2101 5600 vi
2113 5549 2185 5612 6-13.

1726 5629 1736 5660 ³
1753 5627 1856 5680 uocauit
1867 5627 1925 5679 Vul.
