5116 6608
426 605 499 677 304

812 785 933 847 Secreta.

465 909 513 969 Da
534 909 629 980 nobis,
644 925 813 985 quesumus,
829 905 957 977 domine,
975 923 1090 982 semper
1111 905 1166 979 hec
1187 905 1237 964 tibi
1259 914 1329 964 uota

424 1014 571 1082 gratanter
584 1003 759 1080 persoluere,
771 1002 876 1078 quibus
891 1000 984 1060 sancti
999 999 1177 1059 confessoris
1188 999 1228 1058 tui
1243 998 1329 1076 guth-

423 1097 480 1158 laci
499 1097 713 1174 depositionem
734 1097 897 1168 recolimus,
912 1105 941 1154 et
962 1105 1059 1172 presta
1073 1104 1105 1153 ut
1120 1095 1150 1152 in
1161 1095 1222 1153 eius
1243 1094 1329 1152 laude

425 1211 541 1271 semper
554 1201 635 1252 tuam
648 1190 771 1270 gloriam
785 1191 978 1269 predicemus.
1020 1189 1084 1248 Per.

762 1360 992 1420 Putlcommuntb.

467 1481 620 1541 Protector
633 1481 663 1540 in
677 1490 706 1540 te
721 1481 899 1558 sperantium
914 1479 993 1552 deus,
1010 1477 1149 1539 familiam
1165 1487 1247 1538 tuam
1262 1495 1329 1555 pro·

426 1575 514 1654 pitius
528 1575 651 1651 respice,
667 1585 696 1634 et
710 1593 762 1652 per
775 1574 831 1649 hec
849 1585 950 1634 sancta
965 1592 1022 1651 que
1042 1575 1228 1651 sumpsimus,
1244 1573 1330 1631 inter-

426 1669 561 1729 ueniente
576 1670 663 1728 beato
678 1668 815 1745 guthlaco
830 1667 1000 1727 confessore
1020 1676 1081 1738 tuo,
1097 1686 1114 1726 a
1131 1669 1243 1726 cunctis
1264 1684 1330 1725 eam

427 1764 649 1824 aduersitatibus
663 1763 803 1841 potentiae
818 1771 877 1822 tuae
891 1762 1011 1822 brachio
1025 1761 1159 1822 defende.
1200 1760 1264 1821 Per.

608 1979 707 2046 stit.
727 1979 786 2044 ital.
801 1980 871 2042 mai·
900 1977 977 2044 Nat.
992 1977 1156 2055 maritumi

764 2076 964 2158 archicpiscopi
972 2079 992 2141 ¹.

467 2222 558 2296 Deus,
574 2222 732 2283 electorum
751 2242 860 2283 corona
878 2223 1059 2300 pontificum,
1075 2232 1105 2282 et
1126 2222 1251 2300 gloriosa
1269 2222 1330 2282 uic-

426 2318 501 2378 toria
521 2319 702 2389 certantium,
722 2318 771 2394 qui
793 2317 912 2376 beatum
934 2317 1087 2394 aelfeagum
1109 2317 1215 2376 summi
1237 2334 1331 2375 sacer-

428 2413 500 2474 dotii
524 2412 662 2488 dignitate
687 2422 716 2471 et
744 2413 870 2489 martyrii
898 2413 996 2490 palma
1023 2412 1175 2482 decorasti,
1201 2411 1330 2470 concede

426 2507 570 2586 propitius
584 2507 624 2565 ita
638 2524 694 2566 nos
708 2507 787 2583 apud
802 2517 830 2565 te
845 2507 907 2566 eius
921 2505 1179 2566 intercessionibus
1193 2505 1330 2578 adiuuari,

426 2611 459 2660 ut
469 2602 497 2662 ei
510 2602 540 2660 in
555 2610 654 2676 eterna
667 2601 846 2660 beatitudine
863 2602 1010 2678 possimus
1025 2601 1155 2660 adunari.
1198 2598 1262 2659 Per.

816 2757 937 2818 Secreta.

469 2878 650 2938 Sacrificium
671 2878 730 2951 tibi,
745 2877 874 2950 domine,
889 2879 1062 2956 placationis
1077 2888 1106 2938 et
1127 2878 1219 2939 laudis
1234 2878 1330 2938 offeri·

427 2991 502 3043 mus,
516 2973 685 3049 suppliciter
699 2982 854 3032 exorantes
868 2984 900 3031 ut
914 2973 992 3032 beati
1007 2973 1119 3050 aelfeagi
1140 2972 1270 3050 martyris
1289 2971 1330 3031 tui

426 3067 565 3126 continua
575 3084 631 3126 nos
641 3065 780 3125 adiuuent
791 3066 937 3144 suffragia,
949 3066 1030 3126 cuius
1038 3085 1140 3144 annua
1151 3067 1330 3127 celebramus

426 3162 572 3240 suffragia.
613 3161 669 3222 Per
683 3162 837 3222 dominum
851 3171 993 3223 nostrum.

764 3318 993 3378 postcommunio.

466 3438 567 3499 Presta
578 3437 671 3510 nobis,
684 3457 851 3515 quesumus,
862 3439 981 3498 domine
992 3437 1065 3498 deus
1076 3448 1182 3510 noster,
1193 3448 1225 3498 ut
1236 3457 1330 3499 sacra·

425 3533 517 3592 menti
537 3533 577 3591 tui
599 3532 819 3610 participatione
840 3533 975 3609 uegetati,
996 3532 1114 3609 gloriosi
1136 3534 1281 3610 pontificis
1302 3545 1331 3594 et

426 3627 585 3688 uenerandi
613 3627 745 3705 martyris
773 3628 814 3685 tui
844 3627 957 3704 aelfeagi
989 3627 1124 3703 precibus
1152 3627 1329 3687 adiuuemur.

426 3719 490 3780 Per.

592 3937 713 4004 attur.
726 3937 787 4002 ital.
801 3939 862 4002 tun.
895 3937 971 4003 Nat
986 3937 1169 4003 munusturi

803 4035 956 4117 aptarunt&

469 4180 559 4254 Deus,
574 4181 624 4257 qui
645 4180 784 4239 eximium
805 4180 932 4239 ueritatis
952 4188 1002 4253 tue
1022 4197 1183 4257 preconem
1211 4182 1329 4240 beatum

427 4277 597 4356 pontificem
633 4276 812 4335 dunstanum
854 4285 1024 4335 sanctorum
1064 4285 1182 4334 tuorum
1221 4277 1330 4336 meritis

428 4370 562 4451 equalem
576 4370 710 4448 gloriosis
725 4369 856 4429 ostendis
870 4369 1026 4440 miraculis,
1041 4379 1147 4447 presta,
1162 4387 1329 4446 quesumus,

427 4477 460 4525 ut
474 4483 563 4543 quern
577 4464 663 4524 nobis
680 4463 710 4522 in
725 4473 800 4522 terra
815 4463 931 4522 donasti
945 4462 1097 4523 doctorem
1117 4463 1147 4521 in
1162 4464 1226 4537 cqlo
1241 4464 1330 4524 facias

428 4559 536 4618 habere
551 4559 783 4618 intercessorem.
825 4556 883 4615 Per
895 4557 1048 4615 dominum
1063 4567 1203 4617 nostrum.

819 4710 938 4774 Secreta.

471 4833 542 4894 Hoc
564 4850 671 4892 munus
689 4833 887 4892 testimonium
909 4833 1025 4908 uiuifice
1046 4832 1192 4910 passionis
1213 4832 1263 4892 filii
1281 4835 1330 4908 tui,

430 4930 559 4999 domine,
579 4945 634 5004 pro
662 4927 944 4986 commemoratione
971 4926 1077 4986 summi
1105 4925 1262 4987 sacerdotis
1289 4929 1331 4988 tui

431 5023 568 5086 dunstani
598 5020 649 5081 tibi
677 5020 807 5080 oblatum
836 5032 885 5080 tua
913 5022 1117 5081 benedictione
1138 5022 1199 5082 eius
1224 5023 1332 5083 meritis

430 5118 516 5178 nobis
527 5116 565 5176 ad
576 5126 693 5192 gustum
707 5115 806 5175 salutis
821 5125 919 5190 eterne
930 5115 1086 5175 sanctifica
1113 5115 1168 5175 Per
1179 5115 1332 5176 dominum

428 5221 570 5273 nostrum.

465 5395 474 5426 ¹
491 5395 546 5447 rot.
559 5396 622 5446 aab.
647 5393 769 5445 Different
781 5393 876 5444 Messes
887 5395 926 5444 for
937 5395 973 5445 st.
981 5395 1095 5461 Alphege
1102 5394 1155 5444 will
1167 5395 1199 5445 be
1215 5395 1294 5446 found
1306 5396 1331 5445 in

432 5473 729 5540 &numurus

465 5552 476 5582 ¹
492 5552 547 5602 Fol.
560 5565 592 5617 94
602 5554 626 5598 b.
648 5549 769 5600 Different
780 5550 877 5600 Messes
888 5549 927 5600 for
935 5550 972 5602 St.
981 5549 1097 5602 Dunstan
1105 5549 1158 5602 will
1169 5551 1202 5603 be
1216 5549 1292 5602 found
1304 5551 1330 5602 iu

429 5629 458 5691 S»
470 5645 495 5695 r·
509 5640 574 5693 7⁵05
591 5629 656 5693 br·
670 5630 733 5693 ²84r
750 5629 781 5689 Y,
794 5643 819 5692 r·
834 5629 889 5694 ²9⁸·

1081 584 1173 659 dart.
1199 578 1311 668 aare.
1335 580 1454 660 viru.
1479 582 1525 660 a.
1550 579 1631 658 altit.

1717 785 1948 847 Pasicommunio.

1423 902 1611 964 Sacramenta
1631 923 1689 982 que
1710 904 1823 982 indigni
1844 906 2031 983 sumpsimus,
2049 906 2178 980 domine,
2198 910 2283 971 nobis

1381 998 1488 1056 mentis
1502 1008 1531 1057 et
1545 999 1676 1076 corporis
1691 998 1761 1059 fiant
1775 1000 1911 1071 remedia,
1926 1010 1954 1058 et
1968 1002 2061 1059 sancti
2075 1003 2221 1079 pontificis
2242 1005 2285 1063 tui

1382 1091 1519 1151 dunstani
1539 1093 1709 1153 intercessio
1731 1111 1786 1154 nos
1807 1094 1845 1154 ad
1866 1095 1974 1172 gaudia
1994 1095 2133 1173 perducat
2158 1099 2283 1174 celestia.

1383 1184 1446 1245 Per.

1485 1326 1598 1393 utut.
1612 1328 1672 1392 tat.
1686 1329 1747 1396 iun.
1774 1328 1850 1396 Nat
1865 1346 1892 1395 a.
1907 1333 2021 1396 alurlmt
2036 1334 2161 1416 miserat
2170 1339 2190 1400 ¹.

1422 1461 1572 1638 Dpus,Sq]ui
1583 1462 1724 1522 hodierna
1735 1464 1782 1524 die
1792 1474 1926 1524 sanctum
1937 1466 2108 1545 pontificem
2116 1468 2283 1544 aldelmum,

1382 1566 1436 1615 etc.
1467 1574 1499 1616 as
1551 1601 1558 1614 .

1774 1674 1892 1737 Secreta.

1423 1795 1481 1856 Pro
1509 1796 1571 1856 eius
1598 1797 1649 1856 tibi
1671 1797 1814 1874 precibus,
1836 1799 1966 1871 domine,
1986 1809 2093 1872 nostra,
2115 1819 2283 1878 quesumus,

1382 1901 1466 1967 grata
1481 1891 1618 1951 reddatur
1634 1891 1752 1964 oblatio,
1768 1909 1822 1968 pro
1837 1893 1919 1953 cuius
1941 1907 1985 1952 est
2005 1893 2158 1955 festiuitate
2178 1897 2283 1956 immo·

1382 1986 1447 2045 lata.
1488 1985 1553 2045 Per.

1702 2067 1836 2127 Poslcom.
1853 2061 1899 2150 [as
1914 2065 1961 2150 S].

1439 2235 1530 2303 utu.
1543 2237 1603 2302 tat.
1618 2237 1678 2302 iun.
1711 2236 1789 2302 Nat.
1806 2252 1832 2302 a.
1847 2239 1979 2318 antistitii
1993 2239 2193 2324 archicpiacrpt
2202 2249 2222 2307 ².

1424 2382 1514 2454 Deus,
1537 2384 1587 2460 qui
1609 2384 1726 2442 beatum
1754 2385 1941 2462 augustinum
1963 2387 2132 2464 pontificem
2157 2390 2283 2467 primum

1383 2479 1543 2551 doctorem,
1558 2488 1611 2539 etc.
1628 2475 1674 2562 [as
1689 2474 1733 2561 S].

1773 2609 1892 2670 Secreto.

1424 2718 1542 2779 Oblatio
1556 2716 1620 2793 hec,
1635 2736 1803 2795 quesumus,
1815 2719 1943 2791 domine,
1955 2720 2005 2779 tibi
2017 2721 2139 2797 placeat,
2153 2732 2182 2780 et
2196 2723 2285 2781 inter·

1382 2814 1476 2873 cessio
1498 2815 1589 2874 sancti
1610 2814 1757 2891 pontificis
1778 2815 1923 2890 augustini
1942 2833 1997 2874 nos
2015 2815 2066 2874 tibi
2081 2814 2187 2892 dignos
2201 2815 2282 2877 exhi-

1382 2911 1456 2970 beat.
1499 2910 1564 2970 Per.

1718 2989 1947 3050 Posfcommunr'o.

1424 3100 1584 3160 Salutarem
1605 3099 1691 3159 nobis
1705 3099 1795 3159 edidit
1815 3099 1957 3160 hodierna
1971 3100 2019 3161 die
2037 3102 2141 3162 beatus
2155 3104 2284 3179 augusti·

1382 3214 1438 3255 nus
1466 3196 1622 3273 episcopua
1649 3203 1679 3254 et
1705 3192 1856 3253 confessor
1884 3194 1914 3252 in
1943 3204 2000 3265 tua,
2025 3195 2154 3269 domine,
2178 3197 2283 3258 uirtute

1382 3289 1519 3364 letitiam
1537 3299 1642 3366 presta,
1654 3305 1821 3365 quesumus,
1833 3296 1865 3346 ut
1876 3288 2069 3348 confessionis
2083 3290 2144 3350 eius
2158 3291 2284 3368 insignia

1381 3384 1569 3461 predicando,
1591 3384 1653 3443 eius
1677 3382 1884 3443 intercessione
1909 3383 1961 3441 tibi
1985 3383 2091 3461 placita
2117 3385 2282 3463 gloriemur.

1382 3479 1445 3538 Per.

1441 3643 1524 3709 Nun.
1539 3643 1600 3708 ital.
1614 3644 1676 3708 iun.
1709 3641 1786 3708 Nat.
1802 3660 1828 3709 a.
1843 3643 1979 3708 laniunt
1999 3663 2042 3727 cp.
2064 3651 2091 3708 rt
2111 3649 2209 3712 matt?

1421 3789 1511 3865 Deus,
1534 3791 1584 3871 qui
1603 3789 1816 3851 multitudinem
1836 3790 2014 3870 populorum
2040 3791 2118 3852 beati
2145 3793 2282 3854 bonifacii

1381 3886 1514 3963 martyris
1548 3897 1636 3965 atque
1656 3885 1821 3964 'pontificis
1849 3887 2056 3964 sociorumque
2087 3887 2149 3946 eius
2176 3889 2282 3949 eobani

1381 3989 1469 4057 atque
1488 3979 1613 4051 adalarii,
1635 3979 1772 4039 instantia
1793 3979 1831 4038 ad
1852 3979 2032 4058 agnitionem
2053 3981 2094 4039 tui
2114 3984 2207 4042 sancti
2226 4002 2281 4043 no-

1381 4075 1468 4134 minis
1483 4092 1589 4147 uocare
1603 4075 1740 4152 dignatus
1755 4091 1794 4147 es,
1809 4075 1941 4134 concede
1955 4074 2097 4152 propitius
2111 4087 2143 4135 ut
2157 4095 2282 4154 quorum

1382 4168 1534 4230 sollemnia
1547 4168 1678 4242 colimus,
1693 4169 1781 4228 etiam
1794 4169 1954 4247 patrocinia
1969 4169 2136 4231 sentiamus.
2177 4171 2239 4232 Per.

1769 4321 1890 4382 Secreta.

1422 4433 1554 4512 Accepta
1573 4433 1619 4507 sit,
1640 4451 1810 4510 quesumus,
1830 4435 1861 4493 iu
1887 4443 2047 4511 conspectu
2071 4447 2132 4509 tuo,
2153 4437 2280 4512 domine,

1382 4539 1480 4604 nostrq
1502 4527 1669 4587 humilitatis
1689 4528 1808 4599 oblatio,
1822 4538 1851 4587 et
1872 4529 1965 4588 sancti
1985 4530 2117 4607 martyris
2138 4533 2179 4590 tui
2195 4535 2280 4592 boni-

1382 4624 1450 4682 facii
1466 4633 1554 4700 atque
1573 4620 1740 4694 sacerdotis,
1755 4623 1959 4700 sociommque
1981 4623 2051 4693 eius,
2067 4623 2117 4682 fiat
2137 4626 2280 4703 supplica-

1382 4719 1462 4778 tione
1483 4715 1622 4788 salutaris,
1636 4733 1690 4793 pro
1709 4732 1836 4792 quorum
1856 4716 2047 4777 sollemnitate
2069 4726 2117 4793 tue
2138 4721 2280 4780 maiestati

1382 4811 1517 4873 defertur.
1559 4811 1622 4870 Per.

1718 4893 1946 4953 Postcommumb.

1425 5002 1578 5080 Supplices
1605 5011 1634 5060 te
1661 5019 1808 5078 rogamus,
1830 5005 2017 5080 omnipotens
2038 5005 2118 5077 deun,
2140 5015 2171 5064 ut
2195 5006 2281 5066 inter·

1382 5099 1520 5158 ueniente
1534 5107 1635 5157 sancto
1648 5097 1796 5158 bonifacio
1811 5109 1934 5174 martyre
1954 5107 2007 5157 tuo
2026 5111 2112 5177 atque
2132 5102 2281 5180 pontifice,

1384 5192 1529 5269 sociisque
1563 5191 1634 5262 eius,
1663 5190 1694 5248 in
1728 5208 1853 5268 quotum
1887 5190 2041 5252 festiuitate
2075 5193 2130 5269 hec
2164 5196 2282 5271 celestia

1384 5286 1562 5364 sumpsimus
1582 5294 1770 5358 sacramenta,
1788 5294 1818 5344 et
1838 5295 1887 5344 tua
1907 5286 1939 5344 in
1959 5287 2046 5346 nobis
2066 5306 2182 5366 semper
2203 5291 2282 5351 dona

1415 5471 1424 5502 ι
1566 5476 1571 5488 .

1415 5548 1426 5578 ¹
1441 5471 1497 5600 iii).L
1509 5471 1590 5599 {lstder
1600 5548 1696 5598 Messes
1708 5563 1783 5598 occur
1794 5547 1819 5597 in
1831 5548 1857 5608 Z,
1870 5565 1896 5614 p.
1910 5550 1973 5612 2853
1990 5548 2022 5610 Y,
2035 5562 2060 5614 p.
2069 5551 2124 5616 298.

1415 5627 1425 5656 ⁸
1443 5625 1499 5679 Fol.
1510 5637 1543 5694 97
1553 5643 1575 5679 a.
1609 5627 1635 5676 A
1646 5625 1759 5679 different
1771 5625 1840 5677 Mass
1852 5642 1938 5680 uectus
1949 5626 1975 5677 in
1986 5625 2011 5690 S,
2023 5643 2049 5694 p.
2062 5637 2118 5697 759.
