5122 6610
435 593 503 682 198
761 591 805 664 in
822 587 1013 664 constans.

430 794 516 872 fecit,
544 792 632 858 dono
657 799 723 856 tuae
747 789 881 875 pietatis
911 786 1084 871 indulgeas
1110 794 1145 852 et
1167 797 1332 870 extergas.

434 895 495 959 Per
505 893 527 956 ¹.

833 975 926 1041 Alia.

477 1105 674 1190 Quesumus,
696 1102 839 1178 domine,
866 1111 904 1167 ut
929 1099 1055 1166 famulo
1078 1108 1137 1165 tuo
1162 1097 1219 1165 all.
1243 1097 1333 1164 cuius

431 1203 562 1293 illium)
591 1203 732 1291 vii.(um)
772 1199 947 1288 xxx.(um)
985 1200 1040 1265 uel
1076 1199 1333 1266 anniuersarium

432 1307 561 1372 obitum
598 1305 648 1370 sui
685 1305 774 1370 diem
812 1322 1110 1368 commemoramus
1142 1309 1333 1364 sanctorum

432 1417 534 1491 atque
564 1405 744 1472 electorum
773 1403 894 1487 largire
924 1402 1135 1476 consortium,
1162 1408 1196 1464 et
1227 1419 1332 1464 rorem

434 1506 664 1571 misericordiae
693 1515 760 1570 tuae
789 1523 969 1588 perennem
999 1501 1143 1566 infunde.
1188 1500 1250 1564 Per
1272 1499 1332 1564 do-

433 1606 591 1672 minum².

813 1689 954 1755 Secreta.

476 1819 618 1898 Adest0,
649 1816 791 1894 domine,
821 1814 1114 1900 supplicationibus
1145 1812 1272 1889 nostris,
1299 1820 1333 1875 et

432 1919 517 1984 hanc
539 1918 751 1995 oblationem,
772 1936 872 1998 quam
895 1915 956 1981 tibi
982 1913 1149 1978 offerimus
1172 1913 1217 1977 ob
1242 1911 1332 1976 diem

431 2014 647 2098 depositionis
677 2008 788 2098 iii.(tii)
811 2007 944 2096 vii.(mi)
971 2004 1134 2094 xxx.(mi)
1159 2006 1213 2072 uel
1240 2007 1333 2072 anni-

432 2114 577 2190 uersarii,
603 2134 663 2197 pro
689 2113 801 2176 anima
826 2109 941 2174 famuli
965 2110 1014 2174 tui
1038 2108 1096 2173 a'll·
1118 2107 1268 2192 placatus
1293 2125 1333 2170 ac

432 2214 594 2298 benignus
609 2232 750 2278 assume.
797 2211 860 2275 Per
868 2211 890 2274 ³.

795 2372 969 2455 Prasotio.
1031 2401 1034 2408 ·

479 2502 523 2568 U.
544 2501 587 2567 D.
609 2522 669 2585 per
690 2498 850 2566 christum
872 2497 1045 2562 dominum
1068 2503 1227 2561 nostrum.
1273 2495 1335 2559 Per
1353 2567 1356 2573 ¹

433 2622 532 2686 quem
555 2600 644 2666 salus
667 2598 791 2675 mundi,
807 2617 980 2683 perquem
996 2597 1065 2661 uita
1079 2595 1260 2674 hominum,
1275 2615 1335 2678 per

433 2722 533 2784 quem
571 2699 764 2765 resurrectio
798 2707 1015 2774 mortuorum,
1052 2715 1111 2780 per
1143 2696 1252 2779 ipsum
1289 2705 1332 2770 te,

431 2801 576 2878 domine,
592 2799 784 2884 suppliciter
798 2798 1014 2882 deprecamur
1035 2805 1073 2862 ut
1094 2797 1205 2860 anima
1220 2794 1333 2860 famuli
1355 2823 1356 2828 ¹

432 2911 481 2965 tm
513 2899 570 2966 ill·
600 2921 691 2966 cums
714 2901 811 2964 'dmm
843 2897 899 2964 ἀἶ’
922 2896 1137 2972 celebramus'
1160 2894 1356 3002 ¹ndulgen⁸›
1385 2960 1473 3020 totius
1487 2960 1651 3020 hostilitatis
1665 2979 1683 3018 a
1697 2960 1783 3020 nobis
1800 2978 1912 3020 errores
1924 2971 2031 3019 auerte.
2074 2959 2179 3018 Amen

432 3001 514 3065 tiam
536 2999 646 3084 largiri
670 2999 815 3082 digneris
837 3007 1041 3081 perpetuam,
1057 3006 1157 3080 atque
1173 2995 1334 3078 contagiis

433 3099 644 3166 mortalitatis
656 3108 794 3164 exutam
809 3098 843 3161 in
858 3107 982 3162 aeterne
997 3095 1188 3161 saluationis
1203 3103 1332 3179 partem

432 3201 595 3266 restituas.
641 3198 727 3264 Cum
742 3197 870 3281 angelis
885 3208 919 3262 et
934 3195 1139 3280 archangelis
1149 3193 1173 3260 ⁴.

765 3361 809 3426 In
823 3361 1000 3444 fractione.

476 3490 574 3554 Hanc
596 3489 698 3572 igitur
718 3486 935 3562 oblationem,
951 3506 1053 3570 quam
1070 3485 1132 3550 tibi
1155 3482 1333 3560 offerimus,

431 3592 573 3666 domine,
588 3609 648 3672 pro
673 3589 784 3653 anima
807 3586 923 3651 famuli
950 3587 998 3650 tui
1024 3584 1089 3662 id,
1113 3584 1204 3649 cuius
1229 3583 1333 3666 depo-

432 3691 559 3755 sitionis
582 3690 671 3753 diem
689 3681 819 3772 iii.(um)
840 3683 981 3772 vii.(um)
1004 3681 1176 3770 xxx.(um)
1198 3682 1252 3748 uel
1274 3702 1333 3746 an·

433 3790 647 3854 niuersarium
672 3786 884 3865 celebramus,
906 3807 982 3869 quo,
1005 3785 1158 3868 deposito
1188 3801 1333 3865 corpore,

433 3892 579 3955 animam
594 3886 656 3953 tibi
671 3887 809 3952 creatori
826 3885 971 3950 reddidit
986 3904 1088 3969 quam
1109 3883 1250 3961 dedisti3
1273 3901 1333 3964 pro

434 4010 500 4074 quo
511 3989 654 4072 petimus
665 3986 812 4052 diuinam
828 3985 1038 4050 clementiam
1055 3994 1157 4061 tuam,
1168 3992 1206 4047 ut
1218 3981 1333 4045 mortis

434 4087 571 4154 uinculis
593 4086 765 4152 absolutus
795 4086 933 4151 transire
960 4093 1124 4149 mereatur
1146 4081 1190 4146 ad
1217 4082 1332 4156 uitam.

434 4190 581 4272 Diesque
595 4198 736 4254 nostros.

732 4322 793 4388 Ad
809 4309 1039 4406 cdmplendum.

479 4450 699 4535 Omnipotens
729 4450 928 4534 sempiterne
957 4448 1049 4524 deus,
1073 4445 1235 4512 collocare
1262 4441 1334 4526 dig-

433 4553 519 4617 neris
544 4572 662 4635 corpus
686 4560 720 4616 et
744 4550 891 4614 animam
917 4557 952 4612 et
974 4545 1126 4630 spiritum
1149 4542 1263 4608 famuli
1286 4541 1333 4607 tui

434 4651 492 4718 .ill.
508 4651 599 4717 cuius
619 4649 835 4734 depositionis
857 4643 987 4734 iii.(um)
1005 4641 1144 4730 vii.(um)
1161 4639 1335 4728 xxxium)

432 4752 488 4816 uel
514 4751 775 4816 anniuersarium
803 4748 892 4812 diem
915 4737 1129 4820 celebramus,
1154 4744 1186 4806 in
1210 4743 1335 4807 sinibus

434 4848 580 4929 abrahae,
603 4850 701 4928 isaac,
723 4856 757 4915 et
779 4847 885 4922 iacob,
907 4855 944 4909 ut
967 4865 1042 4912 cum
1065 4844 1135 4908 dies
1157 4841 1335 4924 agnitionis

356 4993 358 5000 ›
433 4952 570 5026 uenerit,
587 4950 673 5014 inter
687 4956 819 5012 sanctos
835 4956 870 5010 et
884 4944 1007 5010 electos
1030 4953 1106 5008 tuos
1129 4961 1205 5006 eum
1228 4961 1334 5005 resus-

433 5050 527 5116 citari
543 5046 714 5133 precipias.
759 5047 821 5112 Per
830 5043 853 5104 ⁵.

711 5257 824 5333 Μίκκα
837 5257 877 5336 ‚in
896 5255 1060 5340 equitetis.

478 5394 580 5470 Deus,
597 5391 687 5458 cuius
704 5391 913 5457 miseratione
928 5390 1048 5454 anima
1064 5385 1212 5451 fidelium
1229 5383 1336 5467 requi-

468 5559 476 5588 ¹
493 5561 524 5610 E.
535 5575 561 5625 p.
574 5569 629 5622 217.
882 5555 893 5587 ¹
909 5557 950 5610 lb.

465 5637 476 5668 ⁴
493 5637 545 5700 Ib.;
561 5637 589 5690 Z.
600 5635 644 5690 fol.
658 5635 705 5686 att
717 5635 743 5687 b.

1713 587 1784 680 iim
1800 587 1965 664 mattis

1387 793 1511 860 escunt,
1528 784 1658 850 famulis
1674 785 1738 850 tuis
1754 785 1832 852 n‘llis
1845 796 1878 851 et
1891 785 1977 850 r'llas.
1996 786 2049 852 uel
2067 787 2219 853 omnibus
2233 787 2288 854 hic

1387 883 1420 947 in
1451 884 1572 949 christo
1602 885 1855 968 quiescentibus,
1884 887 1930 951 da
1959 885 2120 970 propitius
2156 890 2286 952 ueniam

1386 994 1608 1066 peccatorum,
1632 994 1668 1051 ut
1690 1006 1711 1049 a
1727 988 1856 1052 cunctis
1882 986 2028 1056 reatibus
2050 985 2193 1055 absoluti
2216 987 2287 1054 sine

1388 1082 1453 1148 fine
1468 1083 1630 1150 laetentur.
1677 1084 1739 1152 Per
1753 1087 1921 1154 eundemr

1767 1260 1908 1328 Secreta.

1431 1386 1494 1450 Pro
1509 1385 1683 1451 animabus
1698 1387 1897 1456 famulorum
1909 1397 2041 1458 tuorum
2052 1388 2236 1456 illorumet
2245 1388 2285 1454 il·

1386 1485 1505 1550 larum.
1521 1485 1623 1551 ethic
1638 1488 1786 1553 omniurn
1799 1488 2035 1554 catholicorum
2043 1490 2285 1565 dormientium,

1385 1584 1538 1662 hostiam,
1561 1587 1704 1664 domine,
1727 1589 1856 1672 suscipe
1878 1589 2039 1672 benignus
2067 1588 2225 1666 oblatam,
2248 1599 2287 1654 ut

1384 1684 1448 1750 hoc
1470 1685 1629 1751 sacrificio
1644 1687 1802 1770 singulari
1824 1688 1963 1754 uinculis
1984 1689 2148 1756 horrende
2170 1690 2284 1756 mortis

1385 1794 1487 1869 exute
1503 1787 1607 1850 uitam
1624 1797 1812 1852 mereantur
1824 1797 1996 1856 aeternam.
2042 1789 2129 1858 Por

1681 1962 1743 2028 Ad
1759 1964 1987 2048 complendum.

1429 2090 1533 2164 Deus,
1552 2088 1699 2154 fidelium
1723 2088 1834 2154 lumen
1855 2089 2047 2167 animarum,
2069 2093 2187 2158 adesto
2207 2111 2285 2175 sup·

1385 2189 1616 2272 plicationibus
1632 2191 1763 2267 nostris,
1779 2199 1813 2255 et
1828 2190 1873 2253 da
1893 2189 2023 2255 famulis
2044 2201 2078 2257 et
2100 2192 2286 2257 famulabus

1384 2291 1450 2354 tuis
1466 2289 1545 2356 illis
1557 2300 1591 2354 et
1605 2291 1690 2356 illas.
1707 2289 1760 2356 uel
1780 2309 1920 2374 quorum
1942 2312 2080 2374 corpora
2100 2292 2156 2357 hic
2177 2293 2285 2375 requi-

1386 2400 1511 2467 escunt,
1534 2389 1687 2474 refrigerii
1710 2390 1833 2466 sedem,
1849 2390 1970 2474 quietis
1992 2390 2215 2470 beatudinem,
2235 2393 2286 2458 lu·

1385 2489 1483 2556 minis
1498 2489 1691 2556 claritatem.
1738 2491 1822 2556 Pers

1541 2730 1708 2795 &meuldin
1729 2731 1761 2795 in
1780 2735 1904 2814 ternpore
1923 2729 2099 2808 institistis
2109 2733 2128 2795 ¹.

1426 2863 1530 2943 Populi
1545 2865 1595 2937 tui,
1609 2883 1775 2944 quesumus,
1791 2865 1918 2938 domine,
1930 2865 2087 2944 propitiare
2101 2863 2237 2944 peccatis,
2253 2873 2282 2924 et

1427 3052 1591 3132 Omnisque
1612 3053 1738 3132 populus
1752 3054 1782 3113 in
1797 3064 1847 3113 tua
1861 3053 2018 3114 deuotione
2037 3072 2153 3132 semper
2167 3051 2283 3124 exultet,

1385 3157 1414 3207 et
1434 3148 1465 3206 in
1485 3149 1542 3207 tuis
1562 3148 1696 3209 laudibus
1713 3157 1889 3226 perseueret,
1903 3159 1932 3208 et
1953 3148 2004 3208 tibi
2025 3148 2146 3208 domino
2166 3146 2284 3208 subdito

1385 3240 1524 3302 famulatu
1538 3241 1690 3302 deseruiat.
1731 3242 1838 3302 Amen.

1426 3335 1494 3395 Tua
1515 3337 1646 3414 potentia
1666 3347 1786 3396 contere
1807 3336 1943 3396 uirtutem
1963 3337 2148 3396 inimicorum
2169 3335 2240 3407 eius,
2255 3345 2285 3393 et

1385 3428 1490 3490 delicta
1503 3441 1602 3492 nostra
1612 3448 1739 3509 quorum
1753 3430 1839 3490 nobis
1850 3449 1939 3490 causa
1952 3430 2136 3491 dominanter
2146 3428 2283 3489 emunda.

1385 3524 1491 3583 Amen.

1427 3617 1503 3678 Cum
1516 3617 1664 3678 mentibus
1679 3617 1784 3677 nostris
1798 3616 1936 3678 infuderis
1949 3619 2113 3696 puritatem,
2134 3629 2164 3679 et
2178 3639 2284 3699 pacem

1385 3712 1493 3790 ubique
1510 3712 1652 3789 lupatria
1672 3711 1809 3788 largiaris.
1851 3711 1936 3772 Elide
1957 3713 2089 3772 omnium
2104 3713 2284 3776 aduersario·

1385 3824 1449 3866 rum
1470 3815 1636 3866 nostrorum
1658 3805 1833 3883 superbiam,
1846 3817 1877 3865 et
1894 3807 2000 3868 uirtute
2020 3807 2120 3883 dextre
2135 3817 2183 3883 tue
2197 3827 2282 3887 pros·

1385 3910 1465 3961 terne
1479 3899 1608 3959 hostium
1624 3900 1770 3958 uirtutem.
1812 3899 1917 3959 Amen.

1427 3994 1556 4054 Fidelem
1570 3992 1648 4054 hunc
1668 3994 1810 4071 populum
1827 3994 1966 4072 potentia
1980 4005 2029 4070 tue
2048 3995 2160 4056 muniat
2176 3996 2286 4058 inuicm

1386 4087 1526 4161 defensio,
1542 4099 1570 4148 et
1585 4089 1623 4147 ab
1636 4087 1735 4147 inferis
1749 4088 1883 4147 liberetur
1897 4089 2029 4160 inimicis,
2042 4099 2071 4150 et
2085 4090 2115 4150 in
2129 4100 2178 4150 tua
2192 4093 2286 4170 gratia

1386 4201 1501 4261 semper
1529 4193 1695 4262 perseueret
1723 4182 1754 4240 in
1778 4183 1917 4243 omnibus
1939 4183 2034 4243 bonis.
2076 4183 2182 4244 Amen.
2232 4185 2287 4245 Ille

1387 4295 1450 4337 nos.
1856 4301 1860 4309 ·

1539 4441 1650 4525 finipit
1671 4447 1738 4507 ortu
1759 4443 1791 4506 tn
1811 4445 1922 4522 sumta
1942 4447 2131 4507 mmmmm

1385 4579 1471 4645 Mox
1477 4589 1584 4644 autem
1594 4589 1712 4643 utrum
1724 4577 1871 4644 uiderint
1879 4577 1927 4642 ad
1934 4579 2056 4643 exitum
2060 4579 2288 4662 propinquare,

1428 4678 1712 4744 communicandus
1730 4688 1780 4742 est
1796 4678 1836 4742 de
1852 4678 2011 4764 sacrificio
2024 4689 2142 4752 sancto,
2157 4680 2292 4746 etiamsi

1428 4778 1613 4845 comedisset
1625 4781 1695 4861 ipsa
1706 4779 1766 4854 die,
1779 4778 1858 4860 quia
1867 4779 2049 4843 communia
2059 4779 2126 4843 erit
2135 4780 2168 4844 ei
2176 4778 2288 4861 desen·

1429 4889 1530 4943 soret
1542 4878 1676 4943 adiutor
1690 4879 1725 4942 in
1740 4879 1968 4942 resurrectione
1983 4879 2152 4951 iustorum,
2170 4879 2288 4961 etipsa

1430 4999 1504 5043 eum
1514 4977 1722 5043 resuscitabit.
1749 4977 1833 5042 Post
1843 4979 2096 5042 communionem
2103 4987 2287 5060 perceptam

1431 5077 1556 5161 legende
1569 5087 1648 5142 sunt
1654 5077 1823 5160 passiones
1836 5074 2004 5141 dominica
2019 5085 2093 5140 onte
2106 5087 2220 5160 corpus
2235 5079 2286 5142 in·

1423 5177 1533 5262 firmi,
1556 5197 1610 5239 seu
1632 5197 1653 5240 a
1668 5174 1944 5258 presbyterissae
1962 5197 1985 5238 a
1998 5175 2194 5254 diaconibus,
2210 5198 2287 5260 quo-

1431 5297 1530 5360 usque
1547 5275 1736 5359 egrediatur
1749 5276 1863 5339 anima
1877 5275 1916 5339 de
1932 5285 2066 5360 corpore.
2118 5276 2289 5343 Primitus

1359 5503 1360 5506 κ
1417 5468 1499 5518 ¹'I'his
1515 5467 1678 5518 Benedictiou
1696 5466 1717 5516 is
1733 5472 1778 5516 not
1795 5473 1850 5532 part
1868 5466 1898 5516 of
1909 5465 1953 5518 the
1969 5466 2076 5532 original
2092 5467 2288 5534 Sacmmentary,

1390 5548 1437 5639 but
1446 5547 1492 5598 has
1507 5547 1570 5598 been
1586 5545 1693 5597 inserted
1705 5562 1737 5596 on
1749 5562 1765 5596 a
1776 5545 1854 5596 blank
1864 5561 1939 5612 space
1956 5545 1989 5611 by
2002 5561 2018 5596 a
2034 5545 2098 5598 later
2110 5547 2291 5612 nnglosuon

1262 5666 1269 5680 .
1359 5687 1360 5699 ἵ
1389 5628 1479 5680 scribe.
