5124 6608
766 607 879 701 Dius
905 624 1007 680 mant.

423 811 598 879 anastasiae
619 809 773 894 martyris
795 820 861 875 tuae
886 805 1059 873 sollemnia
1082 805 1228 883 colimus,
1252 801 1322 868 eius

423 914 512 998 apud
528 924 562 978 te
577 910 759 998 patrocinia
773 909 964 974 sentiamus.
1010 907 1094 972 Pera

423 615 472 702 64

822 1124 905 1189 Alia
914 1123 936 1188 ¹.

468 1259 523 1324 Da
544 1257 649 1333 nobis,
665 1276 851 1339 quesumus,
873 1253 1082 1338 omnipotens
1102 1252 1193 1329 deus,
1208 1258 1245 1314 ut
1268 1248 1323 1332 qui

424 1380 511 1423 noua
526 1358 684 1423 incarnati
700 1357 792 1420 uerbi
808 1357 855 1420 tui
870 1355 943 1420 luce
963 1353 1196 1439 perfundimur,
1210 1349 1274 1413 hoc
1290 1349 1323 1411 in

425 1468 539 1524 nostro
557 1457 767 1542 resplendeat
784 1475 892 1538 opere,
909 1454 1000 1539 quod
1022 1451 1199 1537 perfidem
1219 1448 1325 1532 fulget

424 1561 459 1623 in
475 1569 596 1624 mente.
641 1557 703 1622 Per
718 1556 861 1621 eundern
876 1553 1072 1618 dominum

808 1765 948 1831 Secreta.

468 1895 605 1980 Accipe,
626 1915 813 1979 quesumus,
833 1895 976 1970 domine,
993 1912 1127 1956 munera
1150 1889 1327 1972 dignanter

425 1996 548 2076 oblata,
573 2006 607 2061 et
630 1995 739 2059 beatae
768 1995 944 2059 anastasiae
974 1989 1230 2074 suffragantibus
1256 2006 1324 2049 me-

426 2099 505 2172 ritis,
529 2097 572 2160 ad
596 2103 716 2160 nostrae
738 2094 854 2160 salutis
876 2093 1037 2159 auxilium
1055 2090 1224 2176 peruenire
1247 2106 1324 2152 con-

427 2197 517 2262 cede.
562 2195 649 2260 Per.f

830 2313 923 2380 Alia.

473 2446 613 2510 Munera
634 2453 755 2523 nostra,
770 2463 959 2526 quesumus,
979 2441 1121 2514 domine,
1144 2434 1327 2504 natiuitatis

428 2545 587 2610 hodierne
621 2545 786 2627 mysteriis
818 2553 899 2627 apta
927 2539 1147 2624 proueniant2,
1178 2548 1215 2604 ut
1244 2537 1328 2602 sicut

429 2644 530 2709 homo
552 2645 683 2729 genitus
704 2644 793 2708 idem
817 2642 941 2707 refulsit
963 2642 1054 2716 deus,
1071 2641 1117 2704 sic
1140 2638 1234 2703 nobis
1255 2635 1328 2700 haec

428 2755 558 2808 terrena
587 2736 774 2808 substantia
799 2742 946 2808 conferat
972 2740 1062 2824 quod
1092 2739 1241 2804 diuinum
1267 2746 1327 2800 est.

430 2843 493 2908 Per
514 2843 681 2909 eundem.l

793 2968 967 3051 Proesatio.

471 3099 516 3167 U.
533 3100 576 3165 D.
594 3109 717 3166 aeteme
733 3093 858 3188 [deus].
900 3097 967 3182 Qui
982 3105 1019 3161 ut
1033 3097 1077 3162 de
1090 3093 1187 3158 hoste
1201 3091 1330 3177 generis

429 3200 564 3266 humani
586 3201 691 3265 maior
705 3200 842 3265 uictoria
862 3199 1043 3276 duceretur,
1058 3215 1124 3260 non
1144 3193 1252 3258 solum
1272 3212 1331 3276 per

431 3303 518 3367 uiros
544 3301 700 3366 uirtutem
730 3297 887 3382 martyrii,
911 3297 969 3362 sed
1000 3296 1044 3361 de
1072 3315 1114 3359 eo
1143 3292 1243 3357 etiam
1273 3312 1331 3376 per

431 3402 571 3468 feminas
593 3398 811 3484 triumphasti.
856 3397 903 3462 Et
925 3396 1024 3461 ideo.⁷

813 3586 823 3608 ’
841 3606 932 3672 Alia.

380 3753 417 3818 4
477 3740 521 3805 U.
545 3740 589 3804 D.
612 3747 735 3803 aeteme
760 3738 852 3802 deus.
909 3736 999 3821 Quia
1028 3733 1130 3800 nostri
1160 3732 1332 3798 saluatoris

432 3841 533 3905 hodie
547 3839 607 3903 lux
623 3859 702 3903 uera
716 3837 885 3921 processit,
901 3857 977 3920 quae
998 3836 1088 3900 clara
1104 3833 1200 3899 nobis
1221 3831 1332 3897 omnia

434 3951 468 4006 et
483 3939 653 4004 intellectu
670 3937 893 4002 manifestauit
908 3946 942 4002 et
957 3937 1038 4000 uisu.
1082 3934 1129 3998 Et
1144 3933 1245 3998 ineos

735 4143 797 4208 Ad
806 4141 1035 4227 complendum.

479 4276 624 4354 Satiasti,
653 4274 796 4352 domine,
825 4272 984 4338 familiam
1017 4282 1109 4336 tuam
1145 4270 1334 4336 muneribus

435 4378 546 4452 sacris,
585 4376 663 4452 eius,
699 4393 887 4457 quesumus,
926 4392 1057 4455 semper
1093 4371 1334 4436 interuentione

437 4498 497 4541 nos
513 4475 623 4541 refoue
635 4474 727 4540 cuius
742 4473 914 4538 sollemnia
929 4472 1142 4538 celebramus.
1188 4471 1273 4536 Per.t

841 4651 933 4717 Alea.

482 4782 591 4848 Huius
617 4801 686 4858 nos,
709 4781 853 4860 domine,
875 4779 1072 4845 sacramenti
1101 4776 1252 4863 semper³
1277 4799 1335 4843 na·

437 4883 513 4948 talis
549 4883 717 4956 instauret,
749 4881 840 4944 cuius
873 4880 1029 4944 natiuitas
1067 4878 1241 4962 singularis
1276 4877 1337 4942 hu·

438 5003 573 5048 manarn
588 4980 732 5064 reppulit
747 4989 958 5044 uetustatem.
1003 4978 1066 5043 Per
1081 4978 1247 5042 eundemr

470 5171 479 5202 ¹
497 5183 524 5220 n.
536 5171 592 5221 Lux
602 5169 715 5234 fulgebit.

497 5261 533 5299 es
550 5249 674 5299 Dominus
693 5247 807 5314 regnauit
822 5246 865 5297 de·

571 5340 661 5376 eorem.

496 5417 523 5456 R.
540 5403 693 5454 Benedictus.

498 5493 525 5531 v.
536 5483 561 5530 Α
571 5481 673 5532 domino
683 5480 784 5532 fectum.

498 5569 542 5608 an.
560 5558 684 5608 Dominus
700 5559 814 5624 regnauit
824 5559 866 5609 de·

472 5635 483 5664 ¹
499 5635 640 5702 perveniant
652 5635 683 5686 V.

1010 5181 1101 5217 eorem.

946 5257 990 5296 οἳ.
1007 5245 1077 5296 Deus
1087 5246 1154 5296 enim
1164 5244 1289 5297 fomranit.

947 5334 1014 5373 con.
1031 5323 1123 5374 Exulta
1135 5323 1194 5376 filia.

948 5403 1003 5464 (aa.
1021 5401 1147 5467 Apparuit
1158 5401 1305 5468 benignius.

948 5490 993 5532 nv.
1010 5479 1147 5545 Pastores).

880 5635 890 5666 ²
913 5648 932 5688 ÷
945 5635 1043 5687 novitas
1055 5635 1087 5685 V.

1640 595 1825 684 mathim
1849 593 1985 680 tibristi.

1517 837 1630 906 mitt.
1649 837 1710 902 ital.
1731 835 1845 902 bunut.
1864 835 2009 900 natiuitas
2030 833 2139 910 risisti.

1571 977 1682 1044 Statio
1695 976 1743 1040 ad
1754 987 1903 1042 sanctum
1910 985 2043 1060 petrum
2052 976 2074 1041 ¹.

1421 1107 2273 1195 CONCEDE‚QUESUMUS‚OMNIPOTENS

1378 1212 1515 1290 DEUS,
1532 1225 1583 1278 un
1605 1223 1676 1276 uos
1699 1224 1902 1276 umnamn
1925 1225 1991 1276 nu1
2014 1231 2100 1275 noua
2122 1231 2182 1293 per
2204 1230 2274 1274 car-

1376 1334 1453 1379 nem
1485 1313 1642 1376 natiuitas
1674 1311 1801 1388 liberet,
1833 1331 1917 1394 quos
1946 1311 2007 1376 sub
2037 1312 2165 1394 peccati
2197 1310 2275 1393 iugo

1376 1421 1509 1478 uetusta
1524 1411 1665 1475 seruitus
1680 1419 1783 1474 tenet.
1820 1409 1883 1474 Per
1905 1410 2074 1475 eundem.f

1757 1556 1896 1623 Secreta.

1420 1679 1552 1759 Oblata,
1576 1677 1719 1755 domine,
1747 1699 1883 1744 munera
1918 1700 2006 1744 noua
2036 1678 2197 1762 unigeniti
2226 1678 2277 1745 tui

1377 1781 1551 1845 natiuitate
1572 1779 1749 1854 sanctifica,
1766 1799 1892 1862 nosque
1906 1777 1983 1862 per2
2005 1775 2095 1843 haec²
2116 1800 2138 1842 a
2159 1797 2277 1862 pecca·

1377 1890 1486 1945 torum
1498 1889 1684 1944 nostrorum
1696 1879 1834 1943 maculis
1846 1878 1999 1944 emunda.
2022 1878 2084 1944 Per
2098 1879 2266 1943 eundem.f

1743 2027 1916 2109 Proesatio.

1422 2151 1465 2216 U.
1482 2151 1525 2215 D.
1540 2160 1663 2215 aeterne
1685 2149 1776 2213 deus.
1813 2148 1903 2234 Quia
1924 2169 1984 2232 per
2005 2149 2164 2214 incarnati
2187 2150 2279 2214 uerbi

1378 2250 1581 2334 mysterium,
1605 2269 1691 2313 noua
1713 2248 1834 2312 mentis
1855 2258 1978 2313 nostrae
2000 2248 2102 2314 oculis
2128 2249 2189 2313 lux
2212 2259 2280 2314 tuae

1379 2349 1536 2415 claritatis
1558 2348 1693 2422 infulsit,
1718 2348 1769 2413 Ut
1790 2348 1871 2412 dum
1893 2347 2065 2414 uisibiliter
2080 2349 2181 2413 deum
2201 2369 2280 2432 cog·

1379 2449 1552 2526 noscimus,
1583 2469 1642 2530 per
1672 2446 1759 2512 hunc
1789 2447 2003 2512 inuisibilium
2031 2468 2144 2513 amore
2174 2448 2279 2532 rapia-

1380 2547 1495 2614 mur⁸.⁷
1551 2547 1597 2611 Et
1612 2547 1697 2611 ideo.

1424 2646 1723 2723 Communicantes,
1739 2657 1779 2711 ut
1793 2657 1902 2730 supra.

1727 2795 1923 2863 ¹Benedictio.

1425 2918 1605 2983 Benedicat
1631 2939 1691 2982 uos
1713 2919 1923 3002 omnipotens
1952 2921 2045 2996 deus,
2069 2928 2280 3003 uestramque

1380 3021 1424 3085 ad
1455 3037 1634 3102 supernam
1663 3020 1788 3083 excitet
1820 3019 2047 3095 intentionem,
2078 3018 2135 3101 qui
2168 3017 2281 3083 hunc⁴

1381 3119 1637 3184 sacratissimum
1675 3117 1765 3182 diem
1797 3117 1993 3184 natiuitate⁴
2027 3117 2084 3181 filii
2117 3119 2168 3182 sui
2204 3118 2282 3184 fecit

1381 3238 1454 3284 esse
1475 3217 1679 3283 sollemnem.

1425 3317 1472 3381 Et
1494 3317 1549 3401 qui
1572 3336 1659 3394 eum,
1678 3317 1735 3399 qui
1755 3317 1851 3400 panis
1874 3325 1925 3381 est
1947 3317 2140 3400 angelorum
2163 3318 2283 3402 impre-

1382 3438 1462 3501 sepe
1490 3416 1637 3482 ecclesiae
1669 3417 1792 3500 cybum
1827 3415 1906 3480 fecit
1935 3437 2006 3481 esse
2036 3415 2184 3482 fidelium
2212 3417 2282 3481 ani-

1385 3517 1530 3593 malium,
1554 3517 1625 3600 ipse
1646 3536 1706 3580 uos
1735 3525 1770 3581 et
1799 3517 1989 3601 impresenti
2016 3515 2138 3581 saeculo
2164 3517 2284 3599 degus-

1385 3627 1457 3682 tare
1482 3615 1582 3680 faciat
1608 3625 1807 3680 aetemorum
1835 3615 2044 3680 dulcedinem
2078 3615 2283 3698 gaudiorum,

1385 3727 1419 3782 et
1440 3717 1474 3779 in
1495 3716 1605 3780 futuro
1627 3715 1787 3799 perducat
1808 3717 1852 3780 ad
1876 3716 2064 3780 satietatem
2087 3725 2284 3780 aetemorum

1385 3814 1595 3901 premiorum.
1639 3812 1762 3879 Amen.

1429 3915 1561 4000 Quique
1591 3916 1661 3979 eius
1695 3914 1867 3980 infantiam
1898 3914 2018 3979 uilibus
2051 3914 2157 3978 uoluit
2192 3915 2285 3978 indui

1386 4016 1510 4101 pannis,
1535 4018 1607 4099 ipse
1633 4035 1693 4078 uos
1723 4016 1904 4080 caelestium
1935 4015 2208 4080 uestimentorum
2235 4015 2285 4078 in-

1386 4118 1468 4181 duat
1490 4113 1700 4180 ornamentis.
1745 4114 1868 4180 Amen.

1430 4214 1531 4299 Quod
1547 4214 1618 4300 ipse
1631 4213 1821 4298 praestaret

1687 4361 1749 4426 Ad
1758 4359 1984 4444 complendum.

1431 4484 1563 4565 Praesta,
1580 4504 1766 4568 quesumus,
1788 4483 1998 4566 omnipotens
2019 4483 2109 4558 deus,
2130 4491 2168 4550 ut
2190 4493 2287 4548 natus

1421 4701 1431 4732 ¹
1446 4715 1473 4754 Α.
1484 4702 1548 4752 Puer
1558 4707 1631 4752 natus
1642 4707 1689 4751 est.

1447 4793 1484 4832 as.
1502 4781 1610 4832 Cantnte
1621 4779 1731 4830 domino.

1446 4871 1472 4910 a.
1490 4859 1611 4910 Viderunt
1623 4874 1716 4911 omnes.

1447 4948 1474 4986 v.
1490 4938 1516 4986 N
1518 4945 1588 4988 otum
1599 4937 1665 4989 fecit.

1447 5027 1491 5068 nn.
1510 5014 1573 5066 Dies
1583 5013 1758 5066 sancdfientns.

1422 5091 1452 5132 ¹·¹
1470 5094 1526 5143 Om.
1538 5093 1570 5145 V.

1423 5171 1577 5236 ’Prafatia
1609 5169 1688 5221 Cuius
1705 5169 1796 5220 dininse
1812 5169 1951 5220 natiuitatis
1966 5167 2105 5236 potentiam
2116 5167 2227 5235 ingenita
2242 5169 2289 5218 nir·

1390 5249 1453 5300 tntis
1477 5256 1527 5299 tuae
1548 5249 1635 5312 genuit
1657 5247 1812 5312 magnitudo.
1857 5248 1938 5312 Quem
1963 5262 2059 5313 semper
2081 5245 2160 5296 filium
2182 5253 2207 5296 et
2232 5253 2291 5296 ante

1390 5334 1504 5392 tempora
1519 5332 1610 5376 aeterna
1626 5325 1746 5390 genitum,
1763 5324 1823 5390 quia
1838 5325 1886 5375 tibi
1902 5324 1977 5389 pleno
1994 5331 2067 5391 atque
2083 5323 2195 5390 perfeeto
2205 5325 2291 5375 aeterni

1391 5405 1470 5471 patris
1484 5419 1535 5454 nou
1551 5403 1630 5453 defuit
1647 5403 1823 5468 praedicamusr
1843 5409 1868 5453 et
1882 5403 1984 5465 honore,
1996 5403 2133 5459 maiestate,
2151 5408 2225 5466 atque
2241 5403 2292 5451 nir-

1390 5489 1445 5533 tute
1461 5479 1582 5546 aqualem
1595 5481 1642 5531 tibi
1653 5497 1709 5532 cnm
1724 5489 1810 5532 sancto
1824 5480 1912 5546 spiritn
1923 5480 2076 5546 profitemur,
2087 5486 2112 5531 et
2123 5479 2149 5530 in
2164 5480 2230 5532 trino
2246 5494 2291 5530 uo-

1391 5558 1482 5612 cabulo
1492 5559 1591 5609 unicam
1602 5558 1725 5610 eredimus
1736 5559 1900 5610 maiestatem.
1934 5559 1968 5610 Et
1978 5559 2043 5611 ideo.
2056 5558 2083 5608 Z.

1422 5636 1452 5678 ⁰·‘
1467 5637 1533 5689 benc
1543 5637 1724 5690 sanctissimam
1734 5637 1891 5689 natiuitatem
1901 5635 1933 5689 0.
2031 5637 2041 5670 ³
2056 5635 2089 5690 0.
2099 5651 2125 5703 p.
2137 5634 2194 5701 3⁶1.

1895 4711 1939 4752 or.
1956 4699 2004 4750 Tui
2015 4707 2071 4751 suut
2082 4700 2136 4767 oeli.

1896 4789 1962 4830 con.
1980 4778 2103 4829 Viderunt
2115 4793 2208 4830 omnes

1896 4859 1951 4920 (er.
1969 4856 2142 4908 Multifariam.

1897 4946 1942 4988 nv.
1961 4935 1991 4986 ln
2002 4935 2144 5001 principio).
