5122 6610
435 573 504 662 196
747 564 995 668 {tottinwis
1700 568 1951 662 iiuurionttts.

645 815 758 892 ssim
777 816 869 884 nm
888 815 1018 882 mum
1037 815 1111 884 Imp
1387 766 1569 852 multiplica
1590 788 1689 851 super
1708 766 1854 833 animam
1871 767 1991 834 'famuli
2013 767 2061 834 tui
2083 768 2138 834 a'll.
2162 767 2288 835 miseri-

1386 869 1532 933 cordiam
1554 876 1646 933 tuam
1658 893 1667 947 3
1698 876 1735 933 ut
1757 868 1809 932 cui
1833 866 1964 933 donasti
1986 868 2155 934 caelestem
2178 877 2212 934 et
2237 871 2287 936 in·

474 960 697 1046 Omnipotens
725 962 925 1047 sempiterne
957 962 1049 1041 deus,
1079 961 1131 1028 cui
1162 982 1332 1046 nunquam
1386 966 1646 1032 contaminatum
1655 966 1832 1032 transitum
1845 976 1921 1049 post
1932 967 2090 1050 baptismi
2102 987 2286 1033 sacramen-

429 1065 501 1132 sine
538 1084 598 1147 spe
635 1063 867 1128 misericordiae
904 1062 1118 1146 supplicatur,
1153 1063 1333 1145 propitiare
1385 1075 1466 1146 tum,
1482 1068 1526 1131 da
1544 1067 1573 1130 el
1594 1075 1794 1131 aetemorum
1816 1065 2055 1148 plenitudinem
2078 1067 2286 1152 gaudiorum.

430 1166 542 1232 anima
564 1163 678 1228 famuli
699 1164 749 1229 tui
772 1161 830 1228 ‚ili
846 1171 885 1228 ut
907 1163 964 1245 qui
985 1161 1029 1226 de
1051 1161 1114 1227 hac
1137 1163 1207 1226 uita
1229 1161 1333 1226 intui
1387 1165 1450 1232 Per
1464 1166 1635 1232 dominum
1652 1174 1826 1230 nostrum·u

430 1264 573 1333 nominis
595 1262 798 1329 consessione
820 1260 979 1337 discessit,
995 1269 1184 1326 sanctorum
1200 1269 1332 1325 tuorum

430 1383 567 1428 numero
582 1361 683 1428 facias
698 1361 881 1446 adgregari.
925 1360 1012 1425 Pera
1763 1352 1905 1418 Secreta.

1430 1478 1611 1564 Propitiare
1632 1476 1925 1562 supplicationibus
1948 1477 2067 1543 nostris
2093 1499 2152 1562 pro
2173 1477 2285 1543 anima

1384 1578 1499 1645 famuli
1521 1579 1570 1645 tui
1589 1577 1645 1644 ill.
1662 1599 1722 1662 pro
1737 1598 1804 1661 qua
1826 1578 1888 1643 tibi
1903 1576 2070 1642 offerimus
2090 1577 2283 1642 sacrificium

473 1663 664 1746 Propitiare,
689 1662 832 1741 domine,
859 1682 1047 1745 quesumus,
1072 1660 1183 1745 anime
1216 1661 1330 1727 famuli
1384 1680 1499 1760 laudis,
1521 1689 1558 1745 ut
1580 1699 1655 1743 eam
1678 1687 1866 1742 sanctorum
1889 1685 2020 1743 tuorum
2046 1678 2210 1743 consortio
2231 1699 2283 1743 50.

429 1763 479 1829 tui
494 1761 549 1829 all.
565 1783 624 1850 pro
640 1783 706 1845 qua
721 1762 782 1827 tibi
796 1760 923 1827 hostias
943 1761 1138 1846 placationis
1153 1761 1330 1838 offerimus,
1383 1779 1469 1846 cim
1485 1778 1637 1862 digneris,
1683 1778 1768 1842 peip

430 1871 464 1926 et
482 1863 560 1945 quia
580 1863 614 1926 in
634 1861 699 1926 hac
721 1861 796 1926 luce
817 1861 850 1924 in
873 1861 940 1926 lide
963 1860 1083 1926 mansit
1105 1860 1277 1944 catholica,
1298 1863 1331 1926 in

429 1961 539 2026 sutura
553 1963 622 2028 uita
637 1963 667 2026 ei
682 1961 854 2027 retributio
870 1962 1083 2027 condonetur.
1132 1961 1218 2026 Peru
1678 1964 1740 2029 Ad
1757 1963 1988 2047 complendum.

809 1537 950 1604 Secreta.

1427 2091 1618 2176 Propitiare,
1643 2090 1788 2168 domine,
1812 2091 1932 2154 animae
1958 2086 2072 2154 famuli
2096 2087 2145 2154 tui
2169 2087 2224 2155 All.
2246 2097 2285 2154 ut

764 2137 808 2201 In
821 2136 996 2220 fractiom.
1513 2192 1521 2208 .
1672 2191 1680 2205 .
1716 2189 1723 2204 .
1818 2190 1826 2206 .
2082 2190 2090 2204 .
2137 2189 2145 2203 .

1383 2213 1481 2277 quem
1512 2211 1545 2255 m
1574 2190 1641 2256 fine
1671 2199 1765 2255 rstrus
1794 2200 1873 2255 urtae
1907 2199 2167 2273 regenerationis
2193 2190 2284 2255 fonte

474 2265 574 2329 Hanc
596 2263 695 2347 lssstffi
716 2263 920 2376 0bl³fl⁰¹¹⁸m
943 2283 1045 2346 <luam
1066 2263 1126 2328 tibi
1142 2279 1202 2348 Ps0
1218 2265 1330 2348 ‘elffii
1383 2292 1559 2371 mundasti,
1579 2291 1621 2356 ad
1645 2289 1785 2356 caelestis
1807 2289 1900 2373 regni
1922 2288 2161 2354 beatitudinem
2181 2289 2283 2355 facias

430 2365 540 2448 anime
563 2363 678 2428 famuli
704 2365 753 2428 tui
775 2361 831 2428 all.
854 2363 1030 2443 offerimus,
1057 2384 1246 2446 quesumus,
1271 2365 1330 2430 do·
1382 2395 1563 2478 peruenire·
1611 2395 1698 2458 pm

429 2464 527 2541 mine,
550 2472 588 2529 ut
613 2462 762 2547 placatus
784 2463 935 2546 accipias,
959 2473 994 2528 et
1019 2473 1078 2530 tua
1102 2465 1227 2548 pietate
1250 2485 1329 2530 con-

429 2566 538 2642 cedas,
568 2572 606 2629 ut
636 2563 844 2628 mortalitatis
878 2563 1020 2627 nexibus
1052 2563 1215 2644 absoluta,
1245 2564 1331 2629 inter

428 2666 543 2733 fideles
558 2675 634 2732 tuos
647 2674 811 2731 mereatur
821 2665 943 2730 habere
954 2666 1150 2749 portionem.
1182 2665 1330 2750 Diesque
1413 2643 1527 2719 ΜΝ
1547 2660 1599 2726 prs
1619 2641 1852 2709 mmmmm
1872 2640 2068 2722 mimium
2089 2643 2117 2703 ²²
2136 2640 2251 2704 nium

428 2779 559 2836 nostros
574 2769 607 2833 in
622 2777 706 2834 tuas
1707 2738 1958 2820 unsrqrmtuua

724 2867 786 2932 Ad
802 2866 1032 2951 complendum·
1384 2886 1430 2953 Si
1455 2886 1529 2970 quis
1548 2887 1764 2969 penitentiam
1781 2893 1891 2966 petens
1914 2882 1994 2946 dum
2019 2879 2165 2947 sacerdos
2194 2881 2286 2947 uenit

473 3003 605 3075 Praesta,
622 3017 809 3082 quesumus,
824 2995 1034 3080 omnipotens
1053 2995 1143 3070 deus,
1159 3003 1197 3059 ut
1218 2992 1330 3060 anima
1417 2989 1530 3074 suerit
1542 2989 1680 3073 officium
1694 2987 1815 3070 lingua
1821 2985 1988 3069 priuatus,
2002 2985 2211 3048 constitutum
2225 2993 2281 3060 cst,

427 3102 542 3167 samuli
571 3100 620 3165 tui
652 3096 706 3164 all.
737 3097 781 3162 ab
811 3095 937 3181 angelis
965 3097 1047 3160 lucis
1077 3105 1265 3178 susceptam
1295 3095 1329 3160 in
1425 3099 1466 3153 ut
1484 3089 1517 3154 si
1529 3087 1642 3153 idom
1659 3087 1841 3151 testimonia
1855 3085 1912 3150 hoc
1925 3083 2087 3160 deserunt,
2103 3092 2137 3146 et
2150 3083 2284 3166 ipseper

427 3201 611 3286 preparatis
639 3197 836 3264 habitaculis
866 3197 985 3262 deduci
1016 3197 1115 3260 saclas
1146 3196 1329 3261 beatorum.
1426 3202 1533 3255 motus
1546 3191 1672 3274 aliquos
1685 3188 1857 3270 satisfacit,
1868 3183 2016 3252 sacerdos
2031 3184 2164 3266 imphat
2172 3185 2283 3250 omnia

428 3303 514 3368 Pers
1425 3292 1512 3356 circa
1522 3289 1737 3374 penitentem,
1751 3288 1836 3352 sicut
1849 3308 1918 3351 mos
1930 3295 1987 3350 est.

638 3463 751 3539 Νίκα
770 3479 822 3544 pto
841 3460 978 3527 utiunttu
997 3461 1114 3528 amiur.
1718 3463 1780 3527 Ad
1798 3463 1945 3527 missam.

473 3612 671 3697 Quesumus,
694 3607 837 3683 domine,
854 3626 922 3690 pro
945 3614 1003 3671 tua
1028 3606 1154 3691 pietate
1176 3607 1330 3675 miserere
1427 3590 1650 3676 Omnipotens
1673 3599 1707 3654 et
1731 3587 1914 3652 misericors
1936 3585 2027 3661 deus,
2052 3581 2085 3646 in
2108 3582 2201 3649 cuius
2222 3582 2284 3648 hu-

429 3713 541 3795 anime
562 3711 685 3792 lamule
705 3718 762 3790 tue
779 3706 834 3770 .ill.
850 3715 884 3771 et
898 3729 920 3770 a
934 3709 1096 3792 contagiis
1119 3709 1330 3775 mortalitatis
1384 3712 1483 3756 mana
1497 3692 1644 3757 conditio
1658 3697 1826 3772 potestate
1838 3684 1998 3763 consistit,
2009 3684 2156 3748 animam
2168 3683 2282 3746 famuli

430 3821 543 3892 exuta,
575 3813 609 3878 in
641 3819 765 3875 aeteme
793 3807 986 3872 saluationis
1023 3817 1152 3892 partem
1183 3811 1329 3891 restitue.
1382 3793 1430 3858 tul
1450 3791 1507 3856 ill·
1524 3811 1711 3874 quesumus,
1727 3790 1771 3854 ab
1785 3787 1939 3852 omuibus
1956 3784 2095 3849 absolue
2116 3785 2282 3866 peccati33

432 3913 494 3976 Per
502 3911 523 3978 ¹.
905 3895 909 3904 ’
1381 3903 1416 3959 et
1441 3891 1647 3977 poenitentiae
1668 3891 1819 3967 fructum,
1837 3906 1936 3971 quem
1959 3882 2112 3948 uoluntas
2131 3883 2199 3947 eius
2222 3884 2282 3947 ob·

811 3995 950 4060 Secreta.
1380 3994 1484 4072 tauit3
1522 3999 1711 4076 praeuentus
1740 3988 1931 4056 conditione
1968 3983 2178 4049 mortalitatis
2215 4002 2282 4046 non

476 4122 541 4188 His
556 4119 730 4200 sacrificiis,
741 4121 883 4201 domine,
895 4120 1015 4185 animae
1027 4119 1159 4186 l'amulae
1171 4131 1228 4205 tue
1241 4121 1329 4187 ilia
1381 4095 1508 4177 Perdat·
1554 4093 1639 4156 Pes!

429 4224 575 4310 peccatis
596 4221 750 4287 omnibus
776 4228 926 4300 exuatur,
949 4222 1019 4285 sine
1042 4221 1163 4303 qulbus
1189 4242 1209 4285 a
1231 4222 1329 4305 culpa
1762 4175 1904 4241 sarm·
2215 4295 2223 4311 ι

429 4343 529 4388 nemo
552 4320 636 4386 liber
658 4321 791 4399 existit3
824 4329 863 4384 ut
883 4340 943 4404 per
964 4319 1035 4384 haec
1057 4319 1112 4403 pia
1132 4320 1328 4405 placationis
1425 4303 1614 4371 Satislaciat
1634 4303 1704 4380 tibi,
1721 4300 1866 4373 domine,
1882 4315 2069 4383 quesumus,
2085 4317 2146 4380 pro
2169 4315 2281 4360 amma

430 4423 538 4488 officia
573 4429 767 4505 perpetuam
809 4419 1064 4485 misericordiam
1101 4431 1328 4504 consequatur,
1380 4405 1494 4471 famuli
1517 4405 1566 4471 tui
1582 4403 1638 4470 all.
1654 4402 1803 4468 sacrificii
1825 4398 1990 4485 presentis
2005 4397 2140 4476 oblatio,
2156 4404 2189 4460 et
2203 4415 2281 4479 pec-

431 4523 494 4589 Per
502 4522 525 4588 ².
1381 4516 1533 4572 catorum
1545 4505 1676 4570 ueniam
1688 4524 1789 4587 quam
1801 4500 1944 4585 quesiuit
1955 4498 2122 4577 inueniat3
2145 4505 2179 4561 et
2191 4495 2280 4578 quod

726 4607 787 4671 Ad
805 4605 1033 4689 complendum.
1101 4627 1106 4638 ’
1380 4610 1488 4678 officio
1517 4610 1629 4693 lingue
1665 4607 1805 4691 implere
1841 4626 1908 4671 non
1945 4603 2063 4688 potuit,
2095 4600 2283 4680 desiderate

475 4734 637 4815 Inueniat,
666 4753 855 4817 quesumus,
885 4735 1028 4810 domine,
1055 4735 1168 4799 anima
1195 4734 1328 4799 lam'ulae
1379 4710 1587 4797 Poenitentiae
1603 4706 1875 4793 c0¹¹¹Pe¹¹⁵ali⁰¹¹e
1889 4701 2070 4790 Perfida&
2116 4701 2219 4764 perd·

429 4849 497 4905 tuae
513 4836 569 4904 All.
584 4837 666 4901 lucis
681 4844 814 4900 aeternae
829 4837 1039 4912 consortium,
1055 4837 1146 4901 cuius
1168 4845 1328 4919 perpetua
1675 4883 1736 4948 Ad
1754 4879 1982 4964 complendum.

431 4937 653 5004 misericordia
667 4945 844 5002 consecuta
859 4945 912 5000 est
925 4945 1178 5000 sacramentum.
1223 4936 1287 5001 Per
1296 4933 1318 4998 ³.
2132 5001 2141 5017 ο

1424 5017 1526 5092 Deus,
1549 5036 1569 5079 a
1591 5033 1658 5096 quo
1680 5017 1832 5094 speratur
1852 5005 1989 5073 humani
2015 5021 2159 5089 corporis
2183 5019 2282 5066 omne

559 5173 672 5250 ΜΝ
691 5190 743 5256 W
762 5173 895 5237 Mum
915 5190 1007 5256 Νη
1026 5174 1172 5257 wtizam
1380 5119 1469 5202 quod
1485 5118 1610 5182 bonum
1629 5121 1699 5229 est3
1722 5108 1831 5176 tribue
1852 5128 1913 5224 per
1923 5106 2143 5222 lraejcnsancta,
2156 5121 2282 5218 ’quesu-

1174 5221 1183 5241 ‘
1380 5239 1463 5298 mus,
1477 5228 1515 5283 ut
1530 5217 1614 5282 sicut
1629 5231 1738 5293 anime
1753 5208 1868 5274 lamulr
1884 5219 1932 5274 tur
1949 5205 2058 5272 allius.
2073 5211 2282 5288 poenrtentrae

472 5322 575 5398 Deus,
591 5320 647 5404 qui
669 5320 712 5384 ad
736 5319 868 5385 caeleste
890 5340 1027 5404 regnum
1047 5340 1112 5386 non
1128 5320 1189 5385 nisi
1206 5322 1328 5386 renatis
1380 5317 1466 5383 uelle
1484 5315 1624 5394 donasti,
1640 5315 1686 5378 sic
1709 5309 1950 5393 indulgentiam
1973 5306 2082 5372 tribue
2105 5302 2282 5366 miseratus

429 5441 488 5504 per
497 5441 618 5502 aquam
632 5430 665 5486 et
680 5420 832 5503 spiritum
848 5430 997 5486 sanctum
1013 5423 1132 5505 pandis
1148 5422 1328 5501 introitum,
1380 5427 1541 5503 optatam.
1589 5417 1675 5480 Per.⁷

462 5613 472 5644 ¹
489 5613 513 5665 S.
525 5631 550 5681 p.
562 5614 618 5680 876.
750 5613 814 5666 ¹Ib.
838 5614 929 5679 Comp.
941 5613 973 5666 V.
986 5631 1012 5680 p.
1026 5613 1080 5666 2⁸1.
1212 5615 1278 5666 ⁸1b.
1723 5606 1733 5637 ¹
1750 5603 1886 5672 percipient
1894 5601 1927 5652 V.
1960 5613 1963 5620 ·
