5122 6610
606 567 877 644 donstaattmts.

291 770 530 838 conficiendum
554 771 587 835 in
609 787 648 835 ea
674 791 792 855 corpus
816 768 941 835 domini
968 768 1071 835 nostri
1098 768 1190 835 ihesu

291 873 403 938 christi
430 872 585 956 patientis
611 891 740 936 crucem
767 893 827 956 pro
853 871 960 937 salute
986 881 1099 936 nostra
1121 891 1192 936 om·

293 974 395 1049 nium,
410 972 466 1055 qui
482 972 566 1035 uiuis
582 979 616 1035 et
631 991 749 1055 regnas
764 973 797 1035 in
813 970 924 1054 secula
939 971 1122 1055 seculorum
1133 968 1154 1035 ¹.

695 1131 785 1197 Alia.

337 1246 536 1311 Consecrare
566 1254 600 1311 et
629 1219 834 1310 sanctificare
863 1245 1018 1328 digneris
1045 1244 1189 1320 domine,

290 1358 446 1432 patenam
468 1348 563 1422 hanc,
577 1369 636 1430 per
655 1348 752 1411 istam
776 1343 964 1410 unctionem
988 1355 1020 1410 et
1044 1355 1189 1410 nostram

290 1451 563 1523 benedictionem,
590 1449 623 1511 in
646 1448 768 1512 christo
792 1447 884 1511 ihesu
908 1447 1043 1510 domino
1067 1455 1188 1522 nostro,

288 1551 345 1634 qui
360 1549 442 1612 uiuit
458 1557 491 1612 et
506 1557 623 1632 regnat
636 1567 697 1634 per
707 1547 818 1611 omnia
833 1546 953 1611 saecula
964 1545 1158 1610 saeculorum
1168 1543 1189 1610 ².

578 1765 767 1831 sonaretur
788 1767 894 1831 talleis.

335 1899 485 1976 Oremus,
503 1900 706 1966 dilectissimi
728 1899 855 1977 fratres,
872 1911 908 1966 ut
930 1902 1085 1965 dominus
1107 1900 1189 1965 deus

290 2009 403 2064 noster
416 1999 551 2064 calicem
568 2021 664 2064 suum
685 2002 717 2064 in
733 2001 913 2066 ministerio
931 2001 1189 2065 consecrandum

291 2100 430 2164 caelestis
460 2102 575 2183 gratiae
609 2101 823 2183 inspiratione
855 2097 1046 2178 sanctificet,
1076 2112 1113 2167 ut
1145 2103 1189 2166 ad

289 2198 470 2292 humanam
508 2199 773 2264 benedictionem
811 2197 1051 2284 plenitudinem
1086 2201 1189 2265 diuini

289 2301 411 2366 fauoris
425 2287 665 2366 accommodet.
711 2301 806 2366 Per³.
856 2305 859 2314 '

692 2465 785 2531 Αῐία.

335 2575 493 2662 Dignare,
506 2575 649 2656 domine,
660 2576 797 2642 calicem
809 2577 909 2643 istum
922 2577 956 2642 in
969 2598 1065 2642 usum
1078 2578 1188 2641 minis·

289 2677 362 2742 terii
388 2678 437 2742 tui
460 2678 516 2760 pia
540 2676 654 2741 famuli
676 2678 725 2740 tui
750 2679 927 2743 deuotione
949 2677 1126 2741 formatum
1150 2699 1189 2742 ea

289 2775 550 2842 sanctificatione
592 2776 799 2860 perfundere,
841 2799 906 2862 qua
947 2776 1188 2842 melchisedech

289 2874 403 2939 famuli
419 2877 468 2941 tui
483 2886 690 2941 sacramento
705 2875 841 2941 calicem
857 2877 1037 2959 perfudisti,
1050 2886 1083 2940 et
1099 2877 1189 2959 quod

290 2986 360 3040 arte
383 2973 436 3040 uel
460 2976 595 3040 metallo
614 2976 697 3040 effici
720 2996 787 3041 non
809 2986 921 3059 potest
942 2975 1100 3041 altaribus
1123 2976 1189 3040 tuis

290 3074 425 3158 dignum
448 3075 507 3140 fiat
529 3076 573 3141 ad
596 3077 708 3140 omnia
729 3085 788 3140 tua
810 3077 1042 3142 benedictione
1064 3077 1188 3160 precio-

288 3195 372 3238 sum.
417 3175 479 3239 Per
488 3171 511 3239 ⁴.

414 3398 603 3464 bonacurtis
624 3407 869 3484 supersuturam
890 3407 918 3465 rt
938 3403 1061 3467 retbere·

332 3532 514 3598 Dominum
530 3534 641 3610 deum,
659 3534 731 3599 caeli
747 3544 780 3600 et
798 3523 893 3600 terrae
909 3537 1123 3613 conditorem,
1140 3536 1189 3601 di·

288 3630 465 3712 lectissimi,
480 3633 704 3717 supplicamus
720 3645 757 3699 ut
773 3633 837 3699 hoc
853 3637 1082 3718 mynisterium
1098 3638 1187 3719 quod

289 3750 405 3796 manus
426 3730 598 3796 hominum
620 3734 663 3797 ad
686 3734 825 3818 gloriam
844 3744 878 3800 et
900 3735 1034 3800 laudern
1054 3746 1114 3801 tuo
1129 3756 1188 3800 no·

289 3833 368 3896 mini
392 3832 574 3908 fabricauit,
597 3845 633 3898 tu
658 3835 732 3918 pius
758 3856 797 3900 ac
819 3835 963 3901 clemens
986 3836 1132 3921 aspicere
1154 3846 1187 3901 et

288 3950 477 3997 consecrare
492 3934 646 4016 digneris.
692 3933 765 3997 Per.

691 4093 785 4162 Alia.

332 4208 433 4288 Deus,
455 4209 694 4275 benedictionis
717 4209 871 4289 indultor,
891 4211 947 4293 qui
970 4211 1186 4276 ministerium

288 4309 377 4390 quod
400 4307 551 4372 salomon
574 4309 607 4372 in
630 4311 757 4393 templo
778 4310 975 4374 hierusalem
998 4312 1186 4390 destinauit,

289 4428 347 4491 per
362 4409 549 4472 sacerdotes
571 4418 647 4472 tuos
669 4409 862 4474 benedicere
877 4412 1032 4493 dignatus
1051 4431 1095 4491 es,
1111 4432 1187 4494 sup-

287 4506 449 4588 plicamus
479 4526 539 4589 per
563 4509 688 4572 bouum
715 4517 749 4573 et
778 4509 989 4575 benedictum
1014 4512 1186 4575 dominum

289 4617 436 4671 nostrum
462 4606 589 4671 ihesum
614 4608 772 4672 christum
799 4609 901 4672 filium
925 4618 1029 4688 tuum,
1052 4620 1090 4675 ut
1114 4609 1187 4675 haec

288 4705 434 4769 sacrificii
466 4707 648 4788 mynisterii
677 4727 766 4780 uasa,
797 4729 871 4791 quae
901 4709 936 4772 in
964 4718 1024 4773 tuo
1054 4711 1187 4774 nornine

287 4803 445 4871 fabricata
469 4815 547 4870 sunt
570 4807 613 4870 ad
638 4807 886 4888 immolandum,
908 4808 1104 4874 benedicere
1128 4818 1187 4875 tua

285 4905 410 4986 pietate
425 4906 579 4988 digneris.
625 4906 696 4970 Per.

543 5122 734 5189 dunaruatto
754 5125 920 5207 corporalis.

332 5255 486 5331 Domine,
498 5267 610 5322 sancte
621 5265 723 5340 pater,
735 5258 945 5341 omnipotens
957 5267 1080 5323 aeteme
1092 5260 1184 5335 deus,

385 5445 393 5476 ²
410 5447 467 5498 Gel.
479 5464 504 5514 p.
515 5447 576 5510 6115
588 5449 620 5499 V.
631 5465 657 5515 p.
669 5449 730 5513 ¹8⁵5
746 5448 838 5499 Pontis.
850 5450 915 5514 Egb.
928 5468 953 5517 p.
965 5460 1006 5516 47.

382 5520 393 5551 ⁹
409 5523 448 5572 Ib.
872 5525 882 5555 ¹
899 5525 951 5586 Ib.;
966 5533 1010 5576 not
1022 5525 1088 5579 inv,

385 5599 395 5630 ⁴
411 5599 468 5652 Gel.
479 5617 505 5668 p.
517 5601 582 5665 6123
593 5601 625 5652 V.
635 5618 661 5669 p.
673 5602 734 5661 18⁶;
752 5601 843 5654 Pontis.
856 5603 921 5668 Egb.
932 5620 958 5669 p.
969 5604 1010 5666 48.

1553 569 1826 646 domenattorts.
2072 590 2140 640 221

1246 768 1502 835 misericordiam
1532 779 1625 837 tuam
1657 772 1822 857 supplices
1854 771 2078 854 deprecamur,
2108 781 2146 836 ut

1244 872 1329 934 sicut
1359 872 1402 935 ab
1433 870 1526 936 initio
1555 869 1744 938 hominibus
1774 871 1867 936 utilia
1897 881 1930 936 et
1961 872 2143 936 necessaria

1244 971 1371 1046 creasti,
1399 971 1682 1053 quemadmodum
1712 975 1912 1037 uestimenta
1942 970 2146 1054 pontificalia

1244 1071 1470 1135 sacerdotibus
1492 1091 1531 1136 ac
1554 1070 1671 1150 lenitis,
1687 1081 1947 1154 ornamentaque
1969 1079 2003 1135 et
2027 1070 2145 1135 lintea-

1244 1171 1334 1236 mina
1356 1169 1480 1234 famulo
1499 1182 1558 1236 tuo
1578 1173 1685 1255 moysi
1708 1171 1928 1255 quadraginta
1946 1170 2064 1235 diebus
2086 1172 2146 1235 do·

1243 1269 1347 1350 cuisti,
1370 1289 1445 1353 quae
1475 1271 1535 1335 sibi
1566 1272 1679 1336 omnia
1708 1273 1809 1336 etiam
1837 1273 1939 1335 maria
1966 1271 2084 1348 texuit,
2111 1280 2146 1335 et

1242 1369 1319 1434 fecit
1342 1371 1375 1434 in
1398 1391 1495 1434 usum
1517 1371 1700 1454 mynisterii
1716 1369 1920 1436 tabernaculi
1936 1370 1984 1435 tui
2000 1368 2145 1447 soederis,

1242 1469 1454 1548 sanctificare,
1477 1471 1620 1549 domine,
1642 1480 1677 1535 et
1698 1469 1893 1535 benedicere
1915 1471 2058 1553 digneris
2079 1469 2144 1533 hoc

1241 1569 1421 1635 linteamen
1437 1572 1470 1634 in
1482 1590 1578 1634 usum
1593 1570 1706 1635 altaris
1718 1573 1766 1636 tui
1782 1571 1825 1634 ad
1838 1571 2018 1653 tegendum
2031 1569 2145 1634 uelan-

1242 1671 1390 1752 dumque
1420 1687 1538 1754 corpus
1568 1680 1601 1735 et
1631 1671 1825 1754 sanguinem
1850 1669 1908 1734 filii
1938 1670 1988 1734 tui
2018 1670 2144 1734 domini

1242 1771 1344 1834 nostri
1365 1770 1457 1836 ihesu
1473 1770 1596 1835 christi.
1643 1769 1732 1835 Per¹.

1648 1943 1741 2008 Alia.

1286 2069 1439 2148 Domine,
1449 2075 1564 2133 sancte
1575 2078 1679 2152 pater,
1690 2071 1902 2152 omnipotens
1917 2078 2040 2134 aeterne
2052 2068 2142 2148 deus,

1243 2164 1501 2234 misericordiam
1531 2179 1624 2233 tuam
1654 2169 1818 2251 supplices
1853 2170 2077 2253 deprecamur,
2106 2178 2145 2233 ut

1241 2268 1304 2332 hoc
1327 2267 1505 2332 linteamen
1527 2288 1628 2350 super
1650 2267 1755 2332 altare
1775 2278 1870 2332 tuum
1893 2269 2093 2351 impositum,
2109 2269 2143 2332 in

1241 2367 1387 2450 spiritale
1414 2367 1674 2432 consecrandum
1698 2365 1852 2442 officium,
1874 2369 2019 2451 presenti
2043 2368 2143 2432 bene·

1241 2468 1385 2534 dictione
1405 2467 1599 2543 sanctifices,
1615 2477 1648 2531 et
1669 2469 1702 2531 in
1719 2489 1768 2545 eo,
1785 2488 1842 2532 seu
1857 2488 1957 2550 super
1974 2466 2066 2544 illud,
2083 2468 2144 2531 ob-

1241 2569 1400 2632 lationem
1415 2566 1613 2631 famulorum
1630 2577 1762 2631 tuorum
1778 2566 1890 2632 studio
1906 2566 2142 2650 purificationis

1241 2667 1430 2750 impositam
1453 2663 1648 2730 benedicere
1670 2667 1822 2749 digneris,
1846 2676 1880 2731 et
1909 2665 2046 2750 spiritali
2070 2666 2142 2749 pla·

1240 2775 1333 2830 catus
1361 2768 1493 2830 incenso
1519 2767 1686 2850 precantis
1712 2767 1846 2830 familiae
1871 2776 1938 2830 tuae
1968 2775 2143 2849 promptus

1241 2867 1417 2930 exauditor
1432 2866 1567 2930 existas.
1612 2863 1682 2930 Per.

1320 3091 1511 3157 bonacurtis
1533 3092 1648 3165 attaris,
1671 3097 1698 3156 rt
1719 3091 1825 3164 cultris,
1848 3097 1876 3156 rt
1896 3098 2009 3174 petrns,
2031 3096 2059 3156 rt

1605 3189 1772 3270 corporalis.

1284 3320 1441 3404 Dignare,
1457 3319 1591 3388 domine
1606 3320 1687 3387 deus
1704 3319 1924 3404 omnipotens,
1939 3341 1999 3384 rex
2014 3341 2140 3405 regum,

1240 3429 1274 3485 et
1290 3422 1443 3486 dominus
1455 3423 1707 3502 dominantium,
1723 3423 1875 3487 sacerdos
1890 3421 2046 3501 omnium,
2059 3436 2141 3504 pon-

1238 3520 1325 3585 tifex
1356 3521 1594 3597 uniuersorum,
1625 3543 1684 3605 per
1714 3542 1813 3604 quem
1844 3541 1910 3585 una
1940 3540 2016 3585 cum
2046 3529 2141 3603 patre

1239 3631 1421 3703 sanctoque
1458 3621 1573 3704 spiritu
1604 3617 1692 3686 lacta
1725 3631 1801 3685 sunt
1838 3621 1998 3698 uniuersa,
2021 3619 2141 3686 christe

1239 3719 1340 3799 ihesu,
1355 3722 1561 3797 benedicere,
1576 3740 1777 3796 consecrare,
1790 3728 1823 3784 et
1837 3719 2044 3784 sanctificare
2059 3741 2140 3786 uasa

1238 3818 1310 3884 haec
1326 3840 1400 3884 curn
1416 3819 1542 3898 altari0,
1558 3820 1815 3899 linteaminibus,
1831 3821 2013 3902 ceterisque
2031 3821 2140 3900 uasis;

1238 3929 1272 3984 et
1287 3920 1570 4002 quemadmodum
1585 3919 1796 3985 sanctificasti
1812 3918 1919 3984 officia
1937 3919 2140 3985 tabernaculi

1238 4019 1418 4084 testimonii
1450 4018 1541 4096 olim,
1571 4040 1647 4083 curn
1682 4039 1768 4094 arca,
1799 4016 1942 4095 oraculo,
1973 4017 2140 4093 cherubin,

1237 4116 1370 4195 ansulis,
1404 4116 1495 4196 uelis,
1524 4117 1694 4194 columnis,
1731 4117 1939 4193 candelabro,
1973 4118 2140 4199 altaribus,

1238 4221 1403 4305 argenteis
1423 4223 1568 4299 basibus,
1591 4223 1714 4287 tabulis
1734 4224 1909 4298 deauratis,
1931 4221 2139 4304 holocaustis,

1237 4321 1361 4400 hostiis,
1371 4342 1410 4386 ac
1419 4342 1549 4386 sacrum
1559 4321 1663 4387 altare
1676 4342 1751 4386 cum
1763 4322 1864 4386 aeneis
1873 4323 1970 4397 uasis,
1981 4324 2140 4400 tentoriis,

1237 4420 1378 4498 funibus,
1401 4422 1476 4485 oleo
1498 4422 1671 4498 unctionis,
1695 4430 1729 4484 et
1751 4422 1868 4486 ceteris
1889 4421 1963 4485 aliis
1985 4422 2018 4484 in
2034 4420 2141 4504 figura

1238 4521 1340 4586 nostri
1352 4541 1411 4604 per
1426 4541 1543 4585 manus
1557 4529 1746 4585 sanctorum
1761 4520 1974 4585 sanctificasti
1986 4521 2139 4584 sacerdo-

1238 4629 1309 4684 tum
1322 4643 1330 4696 ;
1350 4621 1397 4684 ita
1412 4640 1499 4684 nunc
1515 4640 1652 4685 manens
1667 4621 1699 4684 in
1712 4629 1881 4700 aeternum,
1890 4641 2020 4684 summe
2032 4641 2139 4684 sacer-

1237 4720 1298 4784 dos
1310 4721 1518 4784 sacerdotum
1531 4722 1712 4785 secundum
1724 4722 1872 4785 ordinem
1886 4719 2138 4797 melchisedech,

1237 4829 1274 4883 ut
1296 4819 1451 4895 diximus,
1475 4830 1633 4902 patenam
1656 4821 1750 4899 hanc,
1772 4829 1807 4884 et
1830 4819 1964 4884 calicem
1987 4818 2083 4898 hunc,
2105 4829 2139 4883 et

1237 4919 1350 4984 omnia
1379 4921 1598 4985 instrumenta
1626 4920 1739 4984 altaris
1773 4919 1869 4984 huius
1899 4919 2045 4984 ecclesiae
2078 4939 2137 4983 seu

1238 5019 1380 5101 basilice,
1411 5039 1486 5101 quae
1519 5021 1605 5085 inter
1637 5029 1767 5084 nostras
1800 5018 1928 5102 palmas
1965 5019 2138 5098 habentur,

1238 5120 1337 5183 corde
1361 5139 1545 5202 precamur,
1559 5119 1769 5194 bene÷dicas,
1785 5118 1945 5201 purifices,
1961 5137 2141 5196 consecres,

1237 5227 1272 5282 et
1287 5238 1504 5298 consummes,
1520 5219 1640 5302 quibus
1660 5221 1820 5283 internos
1835 5226 1870 5282 et
1884 5226 2042 5281 aeternam
2066 5217 2137 5281 uui·

1237 5326 1342 5382 tatem
1359 5319 1392 5381 in
1407 5338 1561 5402 supremo
1575 5327 1686 5383 meatu
1703 5317 1773 5382 sine
1788 5317 1854 5382 fiue
1869 5327 2019 5382 constare
2034 5317 2138 5381 credi-

1238 5438 1320 5483 mus.
1366 5417 1438 5481 Per.

1494 5600 1501 5614 '
1531 5607 1540 5637 ¹
1557 5607 1650 5659 Pontis.
1662 5608 1725 5674 Egb.
1739 5623 1764 5674 p.
1775 5622 1818 5672 43.
