5122 6610
430 577 499 650 174
649 558 825 650 virginum
841 569 870 633 rt
886 559 1097 648 fflstnmn.

424 761 578 844 martyris
595 768 662 825 tuae
677 759 924 844 sollempnitate
946 759 1132 840 deferimus,
1147 759 1238 826 cuius
1260 779 1322 824 nos

423 863 544 927 scimus
558 861 740 947 patrocinio
755 859 895 924 liberari.
937 860 1021 924 Per.t

784 1027 958 1110 Proesatio.

467 1153 511 1219 U.
532 1153 575 1218 D.
597 1173 657 1237 per
678 1152 836 1218 christum
859 1153 1031 1216 dominum
1053 1161 1213 1217 nostrum.
1259 1152 1323 1217 Pro

423 1254 514 1317 cuius
536 1254 682 1318 caritatis
711 1253 828 1317 ardore
858 1248 979 1337 iste(ae)
1006 1262 1040 1317 et
1062 1273 1177 1317 omnes
1198 1259 1323 1316 sanctae

423 1353 574 1436 uirgines,
599 1373 620 1417 a
649 1353 749 1416 beata
775 1352 878 1416 maria
904 1352 1096 1435 exemplum
1126 1352 1323 1436 uirginitatis

420 1457 630 1540 accipientes,
641 1457 804 1540 presentis
815 1455 926 1520 saeculi
938 1456 1128 1539 uoluptates
1140 1476 1180 1521 ac
1191 1455 1323 1520 delitias

421 1565 701 1641 contempserunt.
741 1555 908 1639 Quoniam
919 1564 978 1621 tuo
990 1557 1079 1620 dono
1090 1566 1201 1620 actum
1214 1563 1273 1632 est,
1286 1564 1324 1620 ut

421 1666 601 1740 postquam
610 1657 702 1739 uirgo
711 1657 754 1720 de
764 1657 890 1739 uirgine
901 1657 1031 1740 prodiit,
1044 1666 1077 1720 et
1089 1677 1189 1720 sexus
1200 1655 1323 1739 fragilis

420 1765 509 1822 esset
523 1755 624 1830 fortis,
642 1765 675 1821 et
690 1757 723 1820 in
739 1776 805 1838 quo
820 1756 881 1820 fuit
896 1757 1055 1839 peccandi
1071 1755 1219 1830 facultas,
1235 1764 1323 1820 esset

422 1855 574 1921 uincendi
586 1856 733 1932 felicitas,
743 1855 978 1938 Antiquusque
989 1854 1094 1920 hostis
1105 1857 1160 1939 qui
1171 1856 1323 1938 peranti-

421 1975 523 2038 quam
536 1957 697 2038 uirginem
712 1975 817 2038 genus
830 1955 1013 2019 humanum
1026 1976 1062 2020 se
1074 1957 1191 2020 uicisse
1201 1954 1321 2039 gloria-

421 2055 527 2136 batur,
542 2076 602 2139 per
619 2066 749 2120 sanctas
764 2074 850 2119 nunc
871 2055 1015 2138 uirgines
1035 2076 1192 2137 sequaces
1211 2055 1322 2138 potius

423 2156 535 2219 mariae
557 2175 659 2238 quam
679 2175 760 2232 euae,
775 2155 933 2230 uincetur,
950 2164 984 2219 et
1006 2155 1040 2218 in
1062 2175 1103 2220 eo
1127 2156 1231 2219 maior
1252 2155 1322 2219 eius

421 2254 571 2320 confusio
586 2263 719 2332 crescat,
734 2254 824 2337 quod
840 2254 883 2318 de
898 2273 938 2318 eo
956 2254 1057 2318 etiam
1079 2275 1181 2320 sexus
1199 2254 1322 2338 fragilis

421 2354 489 2418 iam
505 2355 696 2438 triumphat.
735 2353 948 2437 Quapropter
962 2353 1146 2418 inmensam
1161 2355 1321 2437 pietatem

422 2463 516 2518 tuam
531 2453 701 2518 humiliter
715 2454 935 2536 exposcimus,
950 2462 987 2517 ut
1008 2474 1069 2537 per
1086 2474 1199 2518 earum
1221 2455 1321 2518 inter·

422 2554 613 2633 cessionem,
636 2574 711 2636 quae
735 2563 769 2618 et
793 2573 912 2618 sexum
936 2555 1086 2618 uicerunt
1108 2561 1143 2618 et
1166 2553 1322 2632 seculum,

420 2653 548 2736 tibique
563 2653 756 2735 placuerunt
769 2661 805 2717 et
827 2653 1024 2735 uirginitatis
1047 2653 1174 2732 decore,
1190 2661 1224 2717 et
1246 2673 1321 2736 pas·

421 2752 522 2816 sionis
544 2771 613 2817 suae
635 2754 756 2836 uigore,
776 2772 837 2817 nos
859 2771 1044 2816 mereamur
1065 2763 1100 2817 et
1122 2747 1321 2818 inuisibilem

420 2850 553 2916 hostem
568 2872 733 2936 superare,
744 2862 780 2915 et
796 2851 967 2935 unigenito
981 2858 1041 2916 tuo
1055 2852 1192 2917 domino
1207 2861 1322 2917 nostro

420 2950 589 3016 adherere.
634 2951 697 3016 Per
711 2949 843 3035 quem¹.

767 3117 959 3200 Benedictio.

464 3243 646 3308 Benedicat
661 3243 757 3308 uobis
768 3242 933 3320 dominus,-
942 3242 999 3325 qui
1011 3241 1119 3307 beatae
1130 3241 1248 3327 uirgini
1262 3243 1319 3308 etl.

420 3344 582 3410 concessit
605 3349 639 3407 et
661 3344 813 3408 decorem
829 3342 1027 3426 uirginitatis
1042 3351 1076 3407 et
1090 3340 1230 3425 gloriam
1246 3362 1320 3426 pas

420 3444 532 3509 sionis.
576 3441 698 3507 Amen.

464 3543 511 3607 Et
526 3542 617 3607 cuius
633 3541 848 3625 opitulatione
863 3539 919 3604 illa
939 3542 1057 3606 meruit
1078 3550 1112 3606 et
1134 3561 1236 3606 sexus
1255 3540 1271 3605 f
1307 3584 1318 3596 -

419 3642 583 3726 gilitatem
613 3650 647 3706 et
676 3641 943 3725 persequentium
973 3642 1100 3706 rabiem
1137 3642 1319 3720 deuincere,
1383 3667 1389 3680 ·

421 3764 480 3807 uos
509 3740 643 3825 possitis
664 3750 699 3806 et
721 3751 906 3805 uestrorum
929 3760 1104 3832 corporum
1125 3738 1319 3817 inlecebras,

420 3851 454 3906 et
469 3841 595 3924 antiqui
610 3839 716 3905 hostis
731 3839 996 3904 machinamenta
1008 3859 1171 3921 superare.
1195 3837 1318 3904 Amen.

464 3939 541 4024 Quo
561 3940 644 4005 sicut
668 3939 724 4003 illa
746 3960 828 4004 sexu
850 3939 957 4021 fragili
980 3939 1073 4003 uirile
1094 3939 1164 4002 uisa
1182 3948 1233 4004 est
1248 3959 1318 4004 cer-

419 4051 532 4104 tamen
568 4040 669 4116 adire,
699 4049 733 4104 et
770 4048 847 4122 post
884 4049 1051 4103 certamen
1089 4039 1131 4102 de
1167 4037 1319 4103 hostibus

419 4137 632 4223 triumphare,
648 4139 695 4202 ita
716 4158 776 4202 uos
796 4138 829 4202 in
847 4137 910 4201 hac
933 4137 1136 4203 mortalitate
1157 4136 1319 4214 uiuenteS,

420 4239 559 4304 ualeatis
589 4247 623 4304 et
652 4238 825 4320 antiquum
855 4236 986 4302 hostem
1012 4239 1195 4315 deuincere,
1220 4247 1254 4302 et
1275 4237 1318 4302 ad

419 4337 565 4405 caelestia
580 4357 681 4421 regna
696 4337 876 4420 peruenire.

462 4437 563 4522 Quod
578 4438 649 4521 ipse
666 4447 823 4520 praestare
837 4435 992 4518 dignetur
1003 4433 1026 4498 ².

713 4599 776 4663 Ad
793 4600 1020 4690 complendum.

461 4724 678 4789 Auxilientur
704 4725 808 4804 nobis,
830 4725 973 4802 domine,
994 4733 1129 4806 sumpta
1153 4723 1319 4806 mysteria,

418 4835 461 4902 et,
485 4825 709 4890 intercedente
731 4825 829 4890 beata
854 4823 911 4893 e'll.
939 4832 1084 4906 martyre
1108 4832 1174 4902 tua,
1198 4822 1320 4906 sempi-

418 4935 511 4992 terna
526 4925 731 5008 protectione
746 4923 952 4990 confirment.
998 4919 1060 4990 Per
1070 4920 1093 4984 ³.

749 5085 811 5151 Ad
821 5086 986 5169 populum.

461 5211 564 5276 Adsit
605 5211 695 5296 plebi
731 5221 807 5287 tuae,
846 5213 1057 5293 omnipotens
1093 5209 1184 5287 deus,
1220 5209 1319 5273 beate

419 5316 573 5393 martyris
595 5319 663 5375 tuae
686 5310 741 5376 .ill.
764 5312 951 5376 ueneranda
974 5309 1144 5388 festiuitas,
1168 5317 1206 5373 ut
1228 5309 1319 5373 euius

418 5411 542 5496 gaudet
557 5403 735 5475 honoribus
751 5419 944 5495 protegatur
957 5409 1091 5474 auxilio.
1137 5408 1208 5473 Per.

792 5623 802 5655 ¹
819 5625 850 5675 0.
863 5639 888 5690 p.
901 5622 958 5689 ³7⁶·
1103 5623 1114 5656 ⁸
1130 5623 1162 5675 V.
1174 5640 1198 5691 p.
1213 5636 1251 5674 rr.

483 5624 493 5661 ²
509 5625 541 5678 0·
552 5640 577 5690 r·
590 5637 645 5692 ³49·

1603 554 1821 649 ltlnlnomnt
1838 555 2046 644 §annena

1414 803 1492 868 lltnn
1505 805 1537 869 tn
1549 804 1647 869 natale
1661 803 1850 886 plurimorum
1864 811 2029 872 sartham
2043 812 2235 876 manantur.

1420 939 1551 1018 Praesta,
1566 938 1708 1019 domine,
1724 959 1911 1022 quesumus,
1926 949 1964 1006 ut
1985 942 2069 1008 sicut
2086 955 2273 1010 sanctorum

1375 1048 1507 1103 tuorum
1519 1038 1576 1103 .ill.
1589 1059 1649 1103 nos
1661 1039 1811 1104 natalitia
1823 1039 2019 1105 celebranda
2031 1062 2098 1106 non
2109 1044 2273 1122 desemnt,

1375 1140 1422 1204 ita
1437 1139 1555 1224 iugiter
1570 1135 1733 1222 suffragiis
1748 1140 1954 1204 comitentur.
2001 1140 2072 1207 Per.

1775 1287 1868 1356 Alia.

1418 1412 1559 1493 Adesto,
1583 1414 1725 1491 domine,
1747 1413 1873 1498 populo
1895 1425 1954 1481 tuo
1980 1435 2057 1480 cum
2087 1427 2273 1484 sanctorum

1375 1511 1435 1578 tibi
1449 1513 1633 1597 patrocinio
1643 1513 1851 1598 supplicanti,
1864 1523 1901 1580 ut
1912 1514 2002 1598 quod
2014 1519 2147 1600 propria
2158 1517 2274 1586 fidutia

1376 1632 1442 1677 non
1458 1615 1626 1696 presumit,
1641 1614 1890 1697 suffragantium
1907 1615 2031 1680 meritis
2046 1629 2273 1702 consequatur.

1377 1713 1439 1777 Per
1456 1713 1628 1779 dominum
1644 1724 1792 1779 nostrum
1801 1710 1822 1777 ¹.

1755 1863 1896 1929 Secreta.

1420 1975 1559 2040 Hostias
1570 1976 1640 2055 tibi,
1649 1975 1793 2048 domine,
1804 1985 1993 2041 sanctorum
2005 1985 2135 2042 tuorum
2147 1977 2273 2045 dicatas

1375 2075 1500 2140 meritis
1521 2075 1682 2158 benignus
1704 2095 1844 2154 assume,
1859 2084 1893 2139 et
1908 2074 1952 2139 ad
1968 2087 2163 2161 perpetuum
2179 2079 2275 2144 nobis

1374 2174 1482 2239 tribue
1496 2176 1668 2258 prouenire
1683 2173 1875 2240 subsidium.
1921 2174 1984 2241 Per
1992 2173 2014 2241 ².

1737 2323 1912 2410 Proefatie.

1418 2450 1462 2518 U.
1478 2452 1522 2516 D.
1538 2461 1660 2516 aeteme
1675 2452 1766 2516 deus.
1811 2451 1860 2516 Et
1881 2460 1915 2516 te
1938 2450 1972 2515 in
1993 2460 2126 2516 tuorum
2147 2450 2272 2518 honore

1374 2560 1562 2616 sanctorum
1583 2551 1639 2617 .ill.
1656 2550 1847 2635 glorificare,
1863 2551 1920 2634 qui
1943 2559 1977 2615 et
1999 2549 2063 2615 illis
2085 2571 2146 2634 pro
2169 2563 2273 2618 certa·

1377 2651 1474 2716 minis
1504 2652 1689 2717 constantia
1713 2651 1856 2716 tribuisti
1881 2651 2127 2715 beatitudinem'
2152 2653 2272 2736 sempi-

1374 2758 1512 2831 ternam,
1543 2751 1589 2815 Et
1618 2748 1800 2816 infirmitati
1829 2758 1952 2815 nostrae
1981 2750 2062 2815 talia
2090 2751 2271 2833 praestitisti

1374 2850 1539 2934 suffragia,
1565 2871 1640 2934 quae
1662 2870 1722 2934 pro
1745 2870 1858 2915 eorum
1886 2850 2010 2914 meritis
2031 2850 2138 2932 possis
2160 2851 2271 2915 audire

1374 2949 1560 3034 dignanter.
1605 2949 1669 3014 Per
1682 2949 1852 3014 christum.

1668 3098 1730 3163 Ad
1747 3097 1974 3181 complendum.

1416 3223 1679 3308 Magnificantes,
1697 3223 1840 3300 domine,
1857 3221 2069 3289 clementiam
2088 3231 2180 3288 tuam
2195 3243 2272 3306 sup·

1371 3323 1502 3406 pliciter
1517 3344 1703 3403 exoramus,
1718 3324 1827 3406 utqui
1846 3343 1907 3388 nos
1928 3331 2119 3387 sanctorum
2141 3331 2271 3388 tuorum

1373 3422 1597 3506 frequentibus
1626 3423 1705 3488 facis
1730 3422 1888 3488 natalitiis
1911 3423 2078 3502 interesse,
2103 3423 2271 3506 perpetuis

1372 3523 1497 3587 tribuas
1511 3524 1657 3610 gaudere
1671 3522 1852 3588 consortiis.
1902 3516 1994 3608 [Per]
2005 3519 2026 3586 ³.

1699 3671 1761 3737 Ad
1775 3671 1936 3754 populum.

1415 3799 1471 3864 Da
1486 3798 1590 3879 nobis,
1605 3818 1793 3882 quesumus,
1804 3797 2016 3879 omnipotens
2027 3797 2118 3874 deus,
2128 3796 2162 3860 in
2178 3816 2271 3862 sanc·

1371 3908 1482 3964 torum
1501 3909 1635 3964 tuorum
1657 3908 1692 3962 te
1714 3917 1845 3980 semper
1866 3897 2181 3962 commemoratione
2203 3896 2271 3960 lau-

1372 3999 1459 4078 dare,
1482 3999 1559 4081 quia
1584 3997 1730 4062 refouere
1753 3994 1882 4061 curabis
1905 4015 1988 4079 quos
2010 3995 2045 4059 in
2067 3994 2192 4060 honore
2211 4005 2271 4060 tuo

1372 4118 1582 4182 perseuerare
1598 4097 1759 4161 concedis.
1804 4095 1866 4159 Per
1875 4093 1898 4158 ⁴.

1726 4244 1920 4312 Benedictio.

1416 4359 1615 4428 Sanctorum
1641 4379 1775 4423 suorum
1801 4356 1859 4423 .ill.
1882 4356 2016 4436 meritis,
2036 4378 2096 4421 uos
2118 4354 2271 4422 dominus

1372 4459 1472 4526 saciat
1493 4458 1652 4539 benedici,
1673 4468 1707 4523 et
1727 4467 1842 4522 contra
1863 4457 2003 4522 aduersa
2024 4455 2137 4521 omnia
2158 4476 2271 4520 eorum

1373 4559 1604 4625 intercessione
1619 4558 1746 4623 muniri.
1790 4555 1911 4620 Amen.

1417 4659 1542 4724 Eorum
1568 4679 1628 4722 uos
1653 4657 1752 4722 faciat
1774 4655 1965 4739 suffragatio
1987 4654 2107 4734 felices,
2130 4675 2271 4739 quorum

1372 4759 1561 4825 festiuitatis
1575 4759 1664 4823 diem
1680 4756 1852 4821 celebratis
1867 4764 2013 4820 ouantes.
2059 4752 2181 4820 Amen.

1416 4859 1493 4944 Quo
1517 4878 1632 4924 eorum
1661 4857 1830 4921 imitantes
1857 4853 2022 4937 exemplo,
2051 4855 2095 4919 ad
2125 4852 2271 4918 caelestia

1371 4961 1542 5044 peruenire
1557 4958 1690 5042 possitis
1705 4958 1876 5041 promissa.
1921 4954 2044 5021 Amen.

1415 5058 1515 5142 Quod
1531 5061 1602 5143 ipse
1616 5068 1762 5142 prestare
1771 5057 1795 5121 ⁵.

1403 5226 1412 5256 ¹
1428 5227 1457 5276 L.
1469 5243 1512 5293 pp.
1525 5239 1580 5289 311,
1594 5226 1656 5290 3383
1675 5224 1731 5275 Gel.
1742 5241 1767 5292 p.
1779 5223 1836 5290 677.
2066 5222 2077 5252 ²
2092 5221 2123 5275 L.
2133 5238 2159 5288 p.
2172 5233 2229 5286 305.

1402 5306 1416 5346 fi
1429 5305 1485 5358 Gel.
1497 5319 1522 5370 p.
1534 5303 1592 5368 ⁶⁷9·
1945 5299 1955 5330 ¹
1970 5302 2008 5353 1b.

1402 5383 1412 5415 ⁸
1428 5383 1484 5434 The
1500 5383 1654 5433 ‘Commune
1672 5377 1834 5432 Sanctorum'
1852 5379 1882 5432 of
1896 5379 1939 5430 the
1957 5378 2063 5446 original
2083 5379 2271 5444 sacrmentsry

1369 5464 1429 5514 ends
1440 5463 1506 5514 here.
1539 5461 1595 5512 Tbe
1606 5467 1657 5512 two
1667 5461 1717 5510 last
1728 5459 1791 5510 lines
1802 5477 1835 5510 on
1846 5458 1891 5510 fol.
1901 5473 1980 5519 aros,
1991 5459 2041 5510 and
2049 5459 2091 5509 the
2099 5457 2181 5508 whole
2190 5458 2218 5508 of
2226 5457 2271 5508 the

1370 5541 1469 5607 writing
1485 5540 1611 5598 onereb,
1624 5539 1719 5590 rusb
1731 5539 1824 5604 (Quem
1841 5537 1945 5589 laudant
1957 5575 1964 5591 .
1976 5575 1982 5589 .
1996 5537 2269 5600 .circumdsts.ntium)

1370 5637 1412 5672 are
1425 5621 1450 5671 in
1461 5621 1504 5672 the
1515 5619 1578 5672 later
1589 5619 1763 5683 bsudwriting.
