5122 6610
601 554 650 640 ὦ.
667 551 816 632 annea.

333 799 387 871 iili.
403 801 463 870 irat
476 806 547 869 hrt.
562 801 676 869 Natslr
690 803 909 868 sanctissume
923 803 1078 885 apustrltt

300 938 553 1004 Mamsrarnu
576 951 694 1017 nunu,
715 951 876 1011 noman,
900 938 1072 1023 supplices
1096 959 1157 1004 ex·

258 1059 398 1116 oramus,
425 1048 462 1106 ut
490 1039 575 1104 sicut
604 1036 752 1103 ecclesiae
778 1046 836 1120 tue
868 1038 985 1104 beatus
1015 1040 1156 1105 andreas

257 1139 426 1223 apostolus
449 1140 580 1206 exstitit
601 1137 788 1222 predicator
810 1147 844 1202 et
865 1147 980 1218 rector,
996 1138 1043 1204 ita
1065 1138 1155 1223 apud

256 1249 289 1306 te
302 1241 346 1306 sit
363 1261 423 1325 pro
446 1240 540 1305 nobis
563 1247 743 1324 perpetuus
765 1240 968 1306 intercessor.
1016 1240 1079 1306 Per
1093 1241 1153 1306 do·

257 1339 382 1406 minum
397 1350 571 1407 nostrum.t

635 1425 776 1492 Secreta.

298 1551 502 1620 Sacrificium
525 1561 674 1617 nostmm
703 1552 772 1626 tibi,
800 1549 942 1630 domine,
967 1572 1154 1637 quesumus,

254 1652 342 1718 beati
365 1653 496 1718 andreae
519 1652 665 1736 precatio
688 1661 804 1717 sancta
826 1653 986 1728 conciliet,
1003 1663 1040 1718 ut
1062 1655 1154 1718 cuius

255 1751 377 1819 honore
398 1752 625 1837 sollempniter
645 1751 823 1818 exhibetur
845 1753 970 1818 meritis
995 1753 1154 1819 efficiatur

254 1862 437 1937 acceptum.
482 1852 570 1918 Peru

619 1938 783 2021 Presatr'o.

297 2066 341 2132 U.
359 2066 402 2131 D.
417 2087 477 2150 per
491 2065 663 2133 dominum
687 2074 845 2130 nostrum.
891 2064 957 2150 Qui
981 2064 1152 2132 ecclesiam

254 2175 344 2232 tuam
382 2167 416 2230 in
448 2163 608 2250 apostolis
642 2165 785 2231 tribuisti
822 2166 1000 2231 consistere
1035 2165 1152 2231 sunda·

255 2265 380 2342 mentis,
400 2265 454 2330 De
476 2285 616 2349 quorum
638 2264 776 2349 collegio
796 2265 886 2330 beati
907 2264 1063 2330 andreae²
1086 2265 1151 2331 sol·

255 2365 398 2448 lempnia
419 2363 624 2431 celebrantes
653 2374 720 2442 tua,
742 2364 883 2444 domine,
906 2366 1060 2450 preconia
1084 2387 1150 2430 non

253 2474 408 2531 tacemus.
450 2464 497 2530 Et
512 2465 588 2529 ideo
599 2462 621 2526 ⁸.

544 2612 607 2678 Ad
624 2612 850 2698 complendum.

294 2739 511 2825 Sumpsimus‚
528 2739 672 2816 domine,
685 2739 798 2805 diuina
813 2741 971 2823 mysteria
986 2739 1075 2805 beati
1091 2761 1149 2806 an·

251 2841 336 2905 dreae
358 2839 538 2906 festiuitate
560 2839 721 2918 laetantes,
741 2860 816 2922 quae
833 2841 919 2904 sicut
941 2841 1007 2904 tuis
1026 2841 1149 2906 sanctis

251 2941 292 3005 ad
314 2939 452 3023 gloriam
475 2941 522 3005 ita
544 2939 648 3015 nobis,
664 2959 853 3022 quesumus,
869 2941 912 3004 ad
928 2941 1059 3005 ueniam
1074 2960 1150 3023 pro-

251 3040 343 3104 desse
358 3038 517 3124 perficias.
563 3041 625 3105 Per
639 3039 811 3104 domiuum
827 3049 1001 3104 nostrum.t

580 3213 642 3279 Ad
660 3223 816 3297 uesperos.

292 3340 347 3405 Da
361 3338 464 3416 nobis,
477 3359 665 3424 quesumus,
676 3338 811 3404 domine
826 3338 908 3403 deus
925 3349 1046 3418 noster,
1057 3338 1148 3405 beati

250 3439 388 3524 apostoli
418 3441 467 3504 tui
495 3440 627 3504 andreae
657 3437 943 3503 intercessionibus
974 3439 1148 3518 subleuari,

251 3549 286 3605 ut
307 3559 366 3622 per
386 3559 471 3622 quos
493 3537 630 3620 ecclesie
651 3546 718 3602 tuae
743 3538 874 3620 superni
899 3539 1042 3604 muneris
1063 3540 1149 3604 rudi-

251 3647 360 3703 menta
375 3637 515 3710 donasti,
534 3657 664 3721 percos
680 3636 827 3702 subsidia
841 3647 1010 3721 perpetuae
1032 3637 1149 3704 salutis

251 3738 429 3822 impendas.
474 3737 559 3801 Per.t

651 3823 743 3890 Alia.

290 3947 438 4014 Adiuuet
457 3947 629 4014 ecclesiam
652 3959 744 4014 tuam
767 3947 837 4023 tibi,
857 3948 1002 4026 domine,
1023 3949 1147 4034 suppli·

754 4135 797 4175 or.
811 4123 876 4173 Mihi
887 4129 970 4174 eutem
981 4124 1064 4174 nimis.

754 4213 797 4254 co,
809 4203 880 4252 Dicit
890 4201 1001 4252 andreas.

756 4283 810 4343 (ne.
823 4279 906 4331 Corde
917 4280 1031 4331 creditur.

753 4371 800 4411 nv.
811 4358 951 4410 Ambulans
961 4358 1064 4423 ihesus).

284 4122 292 4152 ¹
306 4137 332 4177 Α.
344 4123 410 4174 Mihi
421 4131 504 4175 anum
515 4125 596 4174 nimis.

304 4215 341 4252 rs.
352 4203 468 4264 Domine,
480 4203 602 4267 probasti.

301 4293 328 4333 ι.
340 4281 484 4332 Constitnes
494 4296 545 4333 eoa

301 4369 329 4410 v.
340 4359 390 4409 Pro
400 4359 513 4424 patribus
524 4359 582 4410 tuis.

302 4447 346 4488 nt..
357 4435 453 4497 nituit
463 4437 589 4487 andream.

277 4513 288 4546 ¹
298 4515 386 4566 Abore
397 4515 448 4565 thia
456 4513 526 4564 word
534 4515 555 4564 is
565 4515 663 4565 written
673 4515 700 4565 in
711 4532 727 4566 a
737 4515 838 4566 smaller
845 4514 920 4572 hand.
933 4521 939 4542 ⁸
948 4516 1078 4566 beatorum
1086 4532 1146 4582 apo·

248 4593 367 4644 stolorum
378 4592 487 4658 philippi
497 4599 523 4643 et
534 4591 635 4644 iacobi)

278 4671 431 4736 'Praesntr'a
454 4670 486 4721 U.
506 4671 539 4722 D.
557 4678 648 4721 aeterne
665 4670 734 4722 deus.
768 4671 894 4736 Quoniam
913 4671 984 4722 adem
1001 4672 1075 4722 nobis
1093 4673 1146 4723 dies

248 4747 369 4813 magnifici
380 4747 466 4798 notius
476 4748 596 4812 mysterii,
608 4763 657 4814 qua
667 4750 822 4800 ncnerandns
833 4749 935 4800 andreas
949 4751 1079 4815 apostolus
1090 4767 1144 4816 ger·

248 4841 345 4877 manum
364 4841 391 4876 se
410 4825 515 4891 gloriosi
534 4825 644 4892 apostoli
659 4826 695 4878 tui
712 4827 776 4893 petri
793 4833 847 4878 tam
863 4827 1042 4892 praedicatione
1059 4828 1145 4879 christi

247 4905 282 4954 tni
292 4920 366 4970 quam
378 4905 566 4956 conuersatione
581 4904 729 4956 monstrauit
737 4921 745 4966 ;
762 4913 790 4955 nt
806 4904 834 4954 id
849 4905 916 4970 qnod
932 4905 1011 4956 libera
1027 4907 1145 4972 praedicn-

246 4990 313 5034 nerat
328 4999 391 5034 uoce
406 4998 453 5034 nec
470 4984 579 5048 pendens
590 4988 683 5034 taceret
697 4983 723 5032 in
739 4999 817 5042 mnne,
829 4991 1003 5049 auctoremque
1018 4984 1078 5036 uitae
1092 5001 1145 5050 per·

246 5061 330 5111 henuis
349 5067 402 5111 tam
422 5061 447 5110 in
468 5059 516 5112 hnc
535 5061 589 5111 uita
610 5061 679 5126 sequi
698 5076 773 5126 qnam
792 5061 818 5112 in
837 5063 925 5112 mortis
943 5077 1033 5126 genere
1054 5063 1145 5114 meruit

247 5138 351 5189 imitari:
369 5143 397 5189 nt
408 5137 477 5188 cuins
487 5145 613 5204 precepto
624 5146 721 5190 terrena
732 5139 758 5188 in
769 5140 903 5205 semetipso
915 5139 1069 5190 crucifixerat
1080 5140 1144 5191 desi·

246 5216 320 5274 deria,
326 5217 379 5268 eins
387 5218 502 5282 exemplo
510 5219 567 5284 ipso
575 5217 691 5282 patibulo
699 5215 821 5282 figeretur.
840 5218 943 5284 Utrique
949 5219 1026 5284 igitur
1032 5219 1144 5282 germani

245 5295 378 5360 piscatores
389 5295 466 5345 ambo
476 5311 548 5346 crnoe
558 5295 685 5346 elenantnr
692 5295 726 5345 ad
738 5296 839 5354 celum
853 5302 880 5346 nt
891 5312 953 5362 qnos
965 5298 989 5346 in
1001 5296 1074 5347 huius
1085 5297 1144 5348 nitas

245 5388 312 5424 cursu
323 5374 407 5439 gratia
418 5380 461 5422 tna
472 5380 511 5424 tot
522 5373 628 5424 uinculis
638 5375 739 5439 pietatis
750 5375 923 5435 obstrinxerat,
934 5374 981 5425 hos
991 5376 1144 5426 inmarcessi-

244 5453 300 5503 bilis
319 5454 345 5502 in
365 5467 469 5518 regnum
489 5452 605 5503 caelorum
620 5460 729 5503 necteret
748 5461 774 5504 et
793 5469 900 5514 curona;
928 5454 962 5503 Et
981 5454 1071 5520 quihus
1090 5461 1143 5505 erat

244 5546 290 5580 nna
301 5544 378 5582 causa
389 5529 536 5590 certaminis,
548 5545 597 5580 nna
612 5531 743 5582 retributio
757 5537 821 5583 esset
832 5538 858 5583 et
869 5531 972 5596 praemii.
1006 5531 1055 5583 Per
1066 5533 1142 5584 chris·

244 5615 293 5659 tam
303 5608 436 5660 dominum
446 5614 563 5660 nostrum.
585 5609 616 5659 E.
628 5609 660 5660 Ο.
667 5608 699 5660 Y.
710 5609 738 5662 Z.

1461 553 1548 641 ὦῶ.
1566 555 1689 644 lucta,
1706 556 1857 640 mona.
1900 643 1906 656 .
2039 559 2109 650 169

1212 754 1318 820 cando
1333 754 1450 822 beatus
1464 755 1604 820 andreas
1618 754 1798 838 apostolus,
1816 766 1850 822 et
1865 756 1938 840 pius
1957 757 2110 824 inuentor

1211 854 1369 919 efficiatur
1406 857 1462 939 qui
1495 855 1544 920 tui
1579 856 1722 921 nominis
1758 856 1873 923 extitit
1912 859 2110 942 predicator.

1211 953 1273 1019 Per
1284 953 1320 1020 1.*

1339 1177 1388 1244 liu.
1401 1183 1458 1245 uu.
1486 1177 1600 1245 liuteis
1613 1187 1720 1246 sancta
1734 1182 1812 1246 lusia
1824 1182 1980 1263 niminis&

1252 1309 1389 1377 Exaudi
1418 1333 1488 1394 nos,
1517 1314 1599 1380 deus
1627 1313 1782 1381 salutaris
1811 1325 1931 1395 noster,
1953 1325 1991 1383 ut
2023 1317 2108 1383 sicut

1208 1407 1306 1494 beate
1327 1410 1422 1478 luciae
1443 1414 1624 1480 iestiuitate
1645 1415 1839 1498 gaudemus,
1855 1416 1903 1481 ita
1922 1416 1988 1500 piae
2006 1417 2107 1483 deuo·

1207 1510 1306 1576 tionis
1324 1513 1512 1578 erudiamur
1528 1513 1657 1580 affectu.
1696 1515 1783 1579 Per.t

1588 1687 1729 1754 Secreta.

1249 1796 1401 1881 Accepta
1427 1799 1487 1864 tibi
1513 1800 1566 1876 sit,
1591 1801 1734 1878 domine,
1759 1811 1896 1867 sacratae
1918 1802 2023 1887 plebis
2046 1803 2105 1868 oh·

1205 1894 1295 1974 latio,
1310 1918 1371 1980 pro
1394 1907 1525 1963 tuorum
1547 1899 1674 1965 honore
1696 1911 1893 1982 sanctorum,
1908 1923 2048 1986 quorum
2071 1925 2106 1968 se

1206 1996 1331 2062 meritis
1346 1999 1532 2082 percepisse
1543 2000 1586 2065 de
1601 1998 1812 2066 tribulatione
1828 2003 1996 2086 cognoscit
2010 2003 2106 2067 auxi·

1205 2096 1295 2163 lium.
1342 2097 1427 2163 Pera

1503 2185 1564 2251 Ad
1580 2185 1806 2269 complendum.

1249 2308 1394 2386 Satiasti,
1426 2311 1568 2388 domine,
1599 2311 1759 2378 familiam
1791 2323 1885 2378 tuam
1916 2313 2104 2379 muneribus

1204 2410 1314 2474 sacris.
1359 2410 1450 2486 Eius,
1481 2431 1667 2496 quesumus,
1698 2434 1830 2498 semper
1862 2413 2105 2479 intementione

1204 2529 1263 2574 nos
1279 2509 1390 2576 reione
1405 2510 1497 2576 cuius
1515 2511 1712 2596 sollempnia
1727 2512 1942 2578 celebramus.
1984 2513 2070 2580 Pera

1278 2798 1354 2865 tlt.
1367 2799 1426 2864 hal.
1443 2799 1502 2864 tan.
1530 2796 1643 2864 Natalr
1656 2799 1752 2864 sanni
1765 2798 1859 2881 thunre
1874 2801 2030 2882 apustuut

1245 2931 1306 2997 Da
1329 2945 1447 3011 noem,
1470 2945 1683 3012 Qussuuus,
1705 2946 1862 3008 DOMINE,
1882 2947 1993 2999 naam
2015 2948 2102 3000 aeo-

1202 3043 1309 3096 STOLI
1319 3045 1385 3098 TUI
1397 3032 1512 3115 thome
1524 3032 1824 3116 sollempnitatibus
1832 3034 1973 3117 gloriari,
1983 3045 2021 3099 ut
2033 3034 2102 3100 eius

1202 3151 1331 3215 semper
1352 3140 1386 3197 et
1408 3132 1599 3215 patrociniis
1620 3131 1839 3210 subleuemur‚
1853 3144 1888 3201 et
1903 3133 2006 3199 fidem
2023 3154 2101 3199 con-

1200 3251 1282 3316 grue
1296 3232 1475 3299 deuotione
1489 3241 1662 3299 sectemur.
1708 3231 1770 3298 Per
1779 3230 1803 3297 ⁴.

1581 3406 1722 3473 Secreta.

1245 3530 1415 3608 Debitum,
1431 3531 1574 3612 domine,
1592 3542 1714 3598 uostrae
1729 3531 1907 3598 reddemus
1922 3535 2099 3610 seruitutis,

1200 3632 1391 3715 suppliciter
1405 3641 1590 3712 exorantes,
1605 3642 1642 3698 ut
1661 3631 1824 3716 suffragiis
1845 3632 1935 3700 beati
1957 3635 2100 3718 apostoli

1200 3733 1248 3797 tui
1278 3731 1394 3813 thome
1423 3732 1457 3794 iu
1487 3732 1581 3796 nobis
1610 3740 1667 3796 tua
1697 3752 1832 3798 munera
1857 3735 1987 3813 tuearis,
2009 3735 2101 3799 cuius

1200 3829 1394 3895 honoranda
1408 3829 1614 3896 confessione
1629 3831 1744 3896 laudes
1758 3831 1819 3896 tibi
1833 3831 1960 3899 hostias
1982 3834 2099 3900 immo·

1200 3930 1316 3996 lamus.
1360 3929 1422 3994 Per
1431 3929 1452 3996 ⁶.

1567 4015 1729 4101 Presatio.

1245 4141 1288 4206 U.
1305 4141 1349 4206 D.
1372 4161 1432 4224 per
1453 4141 1611 4206 christum
1634 4143 1806 4210 dominum
1829 4154 1987 4210 nostrum.
2031 4145 2098 4229 Qui

1199 4242 1378 4305 secundum
1397 4241 1648 4324 promissionem
1663 4250 1765 4320 tuam,
1778 4244 1920 4324 domine,
1931 4243 2098 4310 ineffabile

1231 4432 1239 4462 ¹
1259 4432 1349 4484 Onnz.
1360 4445 1379 4484 ι
1393 4431 1470 4488 Deua,
1482 4431 1524 4496 qui
1535 4447 1562 4481 es
1572 4439 1715 4483 motorum
1727 4440 1826 4484 tnornm
1837 4435 1954 4501 splendor
1966 4437 2097 4494 mirabilis,

1197 4513 1240 4578 qni
1251 4512 1316 4562 hnnc
1327 4510 1393 4560 diem
1403 4509 1471 4560 beati
1482 4510 1579 4560 andreae
1589 4512 1705 4577 manyris
1715 4515 1870 4575 cousemasti,
1884 4514 1917 4565 da
1927 4515 2038 4566 ecclesiae
2048 4521 2098 4566 tuse

1197 4591 1229 4640 de
1244 4591 1297 4640 eins
1313 4587 1431 4638 natalicio
1444 4603 1541 4654 semper
1555 4587 1671 4653 gaudere,
1688 4595 1716 4640 ut
1732 4591 1799 4656 apud
1816 4591 2010 4644 misericordiam
2027 4599 2096 4644 tnam

1197 4668 1316 4734 exemplis
1327 4669 1380 4717 eius
1390 4675 1551 4732 protegamur
1560 4672 1586 4717 et
1596 4667 1699 4718 meritis.
1732 4669 1787 4721 Per.
1803 4671 1830 4721 Z.

1229 4748 1301 4797 Alia.
1324 4745 1431 4805 Exaudi,
1449 4745 1513 4804 dne..
1532 4745 1652 4811 populum
1670 4753 1740 4798 tnnm
1758 4764 1815 4799 cum
1833 4749 1914 4799 sancti
1932 4749 2040 4816 apostoli
2061 4751 2097 4800 tui

1196 4825 1293 4874 andreae
1305 4823 1443 4890 patrocinio
1455 4822 1642 4889 supplicantem,
1653 4830 1681 4874 nt
1692 4831 1735 4876 tno
1747 4841 1842 4892 semper
1850 4827 1944 4878 auxilio
1955 4843 2041 4879 secura
2049 4829 2095 4879 tihi

1197 4904 1275 4969 possit
1286 4903 1419 4953 deuotione
1430 4903 1528 4954 seruire.
1562 4901 1617 4954 Per.
1634 4903 1661 4954 Z.

1228 4980 1239 5010 ²
1254 4993 1281 5033 Λ.
1293 4981 1411 5031 Dilexisti
1421 4981 1549 5032 iustitiam.

1253 5073 1290 5112 ns
1301 5061 1438 5110 Emeuuit.

1704 4994 1748 5034 ar..
1759 4981 1859 5034 Diffusa
1869 4989 1914 5035 est.

1704 5073 1747 5112 or.
1759 5059 1905 5124 offerentur.

1253 5151 1279 5192 n.
1291 5139 1410 5188 Dilexisti
1421 5138 1551 5189 iustitiam.
1703 5140 1858 5192 co.Didusa
1869 5141 2008 5207 estgratia.

1252 5229 1280 5269 v.
1291 5217 1425 5282 Propterea
1435 5217 1513 5267 unxit.

1227 5295 1237 5327 ⁸
1253 5307 1279 5347 Α.
1290 5294 1356 5344 Mihi
1367 5301 1450 5345 antem
1461 5295 1544 5344 nimis.

1253 5385 1290 5426 rs,
1302 5373 1419 5430 Domine,
1431 5373 1552 5438 probasti.

1252 5463 1278 5502 lt.
1290 5451 1441 5502 Constitnes.

1250 5542 1278 5580 v.
1290 5529 1340 5580 Pro
1350 5529 1463 5595 patribus
1474 5529 1531 5580 tuis.

1226 5609 1235 5639 ⁴
1252 5609 1281 5660 li.
1293 5624 1319 5674 p.
1329 5622 1374 5674 ¹5²
1384 5623 1393 5670 ς
1403 5608 1435 5663 Y.
1447 5607 1491 5660 iol.
1501 5617 1547 5675 ιη
1557 5608 1583 5660 b.

1703 5309 1746 5348 al.
1758 5297 1842 5347 Nimis
1853 5297 1976 5349 honont'u

1702 5385 1745 5426 or.
1758 5375 1823 5426 Mihi
1834 5383 1918 5426 autem
1929 5375 2010 5427 nimis.

1702 5464 1745 5508 co,
1756 5453 1809 5506 Uos
1819 5455 1862 5520 qui
1874 5455 1960 5506 secuti.

1817 5710 1837 5760 Z
