5148 6612
445 563 487 632 18
732 562 802 655 stu
826 560 912 638 niu
934 563 1041 638 autu.

439 779 535 839 neque
556 761 642 821 arbor
668 761 746 822 mala
769 761 897 822 sructus¹
924 763 1044 823 bonos¹
1071 762 1175 824 iacere.
1230 763 1338 826 Omnis

438 854 525 915 arbor
546 873 603 933 que
624 872 685 915 non
707 853 773 915 facit
793 854 918 917 fructum
939 857 1052 916 bonum
1077 858 1236 931 excidetur,
1258 870 1287 919 et
1307 859 1338 918 in

437 949 537 1026 ignem
552 950 687 1010 mittetur.
727 949 819 1027 Igitur
833 968 870 1010 ex
884 950 1023 1013 fructibus
1037 970 1139 1012 eorum
1154 953 1340 1031 cognoscetis

437 1061 498 1103 eos.
541 1042 613 1104 Non
634 1043 730 1104 omnis
748 1045 797 1121 qui
822 1045 893 1105 dicit
913 1045 993 1116 mihi,
1009 1047 1138 1118 domine,
1153 1046 1280 1121 domine,
1295 1048 1339 1108 in·

438 1138 522 1197 trabit
529 1138 561 1196 in
569 1155 693 1214 regnum
707 1138 846 1213 celorum,
855 1139 907 1198 sed
918 1141 967 1218 qui
978 1140 1047 1200 lacit
1058 1141 1237 1201 uoluntatem
1250 1143 1339 1220 patris

438 1237 505 1304 mei,
520 1236 569 1313 qui
584 1236 614 1294 in
629 1235 698 1295 celis
711 1245 764 1308 est,
780 1237 843 1313 ipse
858 1237 975 1297 intrabit
989 1239 1020 1296 in
1035 1257 1159 1315 regnum
1173 1238 1309 1300 celorum.

481 1328 671 1407 Offlrtorrirm.
692 1328 830 1403 Domine,
845 1341 1024 1392 conuertere.

830 1487 949 1550 Secreta.

478 1594 606 1654 Domine
628 1595 710 1654 ihesu
725 1595 838 1668 christe,
852 1598 902 1674 qui
916 1616 970 1676 per
987 1615 1022 1658 os
1038 1596 1127 1657 dauid
1141 1595 1269 1677 (locutus
1282 1595 1337 1675 es),

438 1699 544 1749 uouete
571 1699 601 1748 et
627 1688 740 1749 reddite
768 1689 890 1750 domino
917 1691 974 1752 deo
1004 1701 1113 1762 nostro,
1141 1703 1180 1763 te,
1208 1693 1337 1764 domine,

437 1782 605 1860 suppliciter
618 1782 808 1860 imploramus
822 1795 854 1845 ut
869 1785 1008 1845 famulum
1027 1795 1109 1845 tuum
1124 1785 1170 1846 .N.
1185 1805 1238 1864 per
1251 1787 1339 1847 inter·

437 1878 600 1937 cessionem
616 1889 715 1954 sancte
729 1880 819 1954 marie
834 1882 933 1941 matris
948 1892 1007 1956 tue,
1022 1881 1141 1941 domine
1156 1883 1228 1942 deus
1241 1884 1337 1942 omni-

436 1984 553 2050 potens,
564 1972 717 2050 uigilanter
730 1992 799 2032 eum
813 1976 971 2046 custodias,
982 1987 1011 2034 et
1026 1978 1138 2047 tuearis,
1150 1986 1179 2036 et
1189 1989 1337 2055 protegas;

436 2068 614 2128 oblationem
629 2087 717 2145 quam
738 2088 792 2147 pro
813 2070 862 2130 illo
883 2071 934 2130 tibi
955 2071 1113 2144 offerimus,
1127 2073 1337 2132 interueniente

437 2173 539 2224 sancto
570 2161 712 2223 michaele
740 2163 917 2242 archangelo
948 2185 1016 2226 cum
1048 2167 1185 2227 omnibus
1216 2167 1337 2244 angelis,

437 2269 523 2334 atque
538 2256 727 2334 archangelis,
739 2260 935 2338 omnibusque
951 2261 1058 2321 sanctis
1072 2261 1336 2334 interuenientibus,

437 2352 594 2411 clementer
614 2369 649 2411 ac
670 2352 835 2430 benigniter
856 2355 1015 2415 accedere²
1030 2353 1188 2436 (accipere)
1209 2356 1337 2433 digneris

436 2458 465 2505 et
486 2445 615 2506 accende
637 2445 667 2504 in
681 2446 797 2526 cor(de)
812 2447 913 2508 famuli
928 2452 968 2510 tui
984 2449 1031 2510 .N.
1045 2451 1146 2528 ignem
1167 2452 1209 2510 tui
1230 2450 1337 2510 amoris

436 2558 471 2600 ac
482 2539 602 2611 timoris,
611 2549 640 2598 et
649 2550 816 2601 sanctorum
825 2543 1053 2619 patriarcharum
1062 2547 1204 2624 exemplis
1213 2545 1338 2605 imitato·

436 2652 498 2694 rem
514 2634 602 2694 iacias
615 2635 645 2692 in
659 2635 746 2695 bonis
756 2638 896 2713 operibus
910 2639 1145 2700 testimoniorum
1160 2637 1337 2720 firmet²(es)

437 2739 465 2788 et
479 2729 611 2790 stabiles²
625 2727 660 2810 (i)
676 2741 851 2807 perseueret.
893 2731 958 2793 Per.

816 2881 955 2958 Presalrb.

476 2983 514 3044 U.
529 2984 566 3043 D.
585 2995 693 3045 aeterne
711 2983 792 3046 deus.
835 2985 882 3046 'l'e
902 2987 1028 3062 laudare,
1043 3000 1071 3049 te
1088 2991 1269 3062 benedicere,
1285 2994 1335 3069 qui

435 3079 488 3138 das
502 3097 600 3138 escam
615 3080 696 3138 omni
711 3081 800 3152 carni,
815 3081 845 3140 in
860 3100 920 3158 quo
940 3093 984 3142 est
1002 3083 1079 3144 salus
1094 3085 1227 3145 omnium
1241 3100 1335 3163 popu-

435 3173 547 3246 lorum3
583 3173 630 3232 cui
659 3173 725 3233 abel
753 3192 875 3235 munera
906 3176 1018 3251 obtulit,
1047 3179 1094 3238 cui
1118 3179 1204 3239 iacob
1231 3191 1334 3239 uotum

434 3268 514 3327 uouit
539 3276 567 3327 et
590 3265 701 3338 redidit,
724 3268 860 3329 miserere
888 3270 999 3332 famulo
1024 3283 1076 3332 tuo
1103 3270 1149 3332 .N.
1185 3273 1335 3334 circumda

435 3379 502 3420 eum
524 3361 618 3422 sicut²
638 3359 678 3420 0²
697 3358 806 3440 (scuto)
826 3374 856 3422 et
876 3367 977 3424 arma²
991 3362 1042 3444 (is)
1057 3366 1142 3440 fidei;
1164 3367 1245 3428 salua
1266 3386 1333 3427 eum

435 3457 473 3515 ab
483 3455 614 3526 inimicis,
624 3463 653 3514 et
667 3474 685 3514 a
697 3455 809 3532 laqueis
823 3459 933 3518 mortis.
969 3459 1029 3533 Qui
1040 3479 1072 3520 es
1086 3461 1146 3520 uita
1156 3463 1333 3537 sperantium

433 3559 520 3627 atque
542 3549 694 3609 auxiliator
719 3551 831 3610 inmitte
853 3553 884 3612 in
909 3572 986 3625 eum,
1011 3572 1179 3633 quesumus,
1205 3556 1333 3628 domine,

433 3644 565 3722 spiritum
588 3653 729 3714 sanctum,
747 3645 879 3722 spiritum
900 3648 1042 3724 sapientie
1060 3659 1088 3709 et
1108 3648 1277 3722 intellectus,
1295 3650 1333 3710 de

434 3757 485 3800 ore
500 3739 562 3814 celi,
577 3747 606 3797 et
620 3738 656 3797 de
668 3740 846 3816 pinguedine
858 3751 941 3802 terre.
978 3743 1089 3803 Tribue
1103 3744 1129 3803 ei
1143 3741 1332 3804 hereditatem

433 3832 645 3893 benedictionis
672 3843 788 3909 semme,
812 3844 844 3893 ut
869 3847 987 3896 maneat
1014 3837 1044 3895 in
1074 3855 1161 3897 sensu
1189 3838 1250 3898 eius
1274 3857 1332 3916 pax

433 3945 512 4000 uera,
533 3937 562 3986 et
582 3926 655 3987 fides
675 3927 768 4000 firma,
789 3929 892 3989 caritas
913 3949 973 3990 non
996 3930 1143 4004 deficiens,
1165 3931 1333 3994 humilitatis

432 4022 570 4098 precipue
594 4022 798 4093 mansuetudo,
823 4036 853 4082 et
878 4025 1016 4102 patientia
1043 4044 1122 4099 uera,
1147 4045 1181 4088 ac
1207 4027 1333 4106 proximi

433 4114 548 4174 dilectio
563 4115 683 4193 integra
725 4115 872 4194 Propitius
891 4131 955 4178 esto
978 4121 1014 4191 ei,
1030 4119 1158 4194 domine,
1173 4141 1225 4200 per
1244 4122 1332 4184 inter-

432 4211 581 4270 cessiones
605 4209 739 4270 omnium
764 4221 932 4272 sanctorum
953 4222 1078 4287 tuorum,
1100 4226 1129 4275 et
1155 4234 1267 4276 euacua
1293 4218 1332 4276 ab

433 4321 470 4364 eo
490 4321 580 4363 omne
607 4303 727 4376 malum,
748 4305 908 4382 cuiusque¹
930 4305 1069 4388 (tuisque)
1090 4327 1157 4369 eum
1179 4309 1258 4388 reple
1279 4299 1333 4388 per

434 4397 534 4458 omnia
559 4398 654 4459 bonis.
697 4398 809 4459 Tribue
830 4400 861 4459 in
882 4419 972 4461 seusu
993 4403 1056 4462 eius
1077 4404 1157 4482 quod
1177 4403 1331 4483 eleli)gis²,

432 4502 463 4552 et
476 4491 640 4551 misericors
652 4492 757 4570 repelle
769 4512 826 4571 que
840 4494 906 4554 odis
917 4515 925 4568 ;
947 4505 976 4555 et
986 4497 1059 4557 sicut
1072 4497 1200 4558 liberasti
1214 4517 1331 4560 seruum

433 4595 515 4644 tuum
539 4603 663 4663 moysen
685 4603 753 4647 cum
777 4587 842 4647 filiis
866 4587 971 4649 israhel
996 4589 1033 4650 de
1058 4609 1147 4652 manu
1175 4591 1332 4670 pharaonis

433 4680 509 4756 regis
537 4681 645 4757 egypti,
665 4681 705 4740 ita
732 4690 763 4739 ut
790 4677 844 4760 (et)
873 4682 1013 4743 famulum
1030 4695 1112 4746 tuum
1134 4685 1182 4746 .N.
1211 4687 1332 4748 liberare

434 4771 562 4850 digneris
577 4773 613 4833 de
634 4775 772 4834 omnibus
793 4777 852 4834 uite
874 4776 959 4837 huius
979 4779 1122 4855 periculis,
1137 4791 1167 4840 et
1183 4801 1221 4842 ne
1235 4782 1332 4843 tradas

433 4885 501 4925 eum
529 4868 560 4926 in
587 4885 691 4928 manus
719 4869 915 4929 tribulantium
939 4880 968 4930 et
995 4873 1206 4952 insurgentium
1234 4878 1265 4936 in
1289 4896 1327 4938 se.

434 4959 484 5018 Tu
498 4979 529 5020 es
544 4962 622 5020 enim
638 4961 710 5021 deus
725 4963 774 5038 qui
796 4963 907 5023 nullum
922 4964 1076 5027 hominum
1097 4969 1142 5030 uis
1163 4970 1265 5047 perire,
1280 4971 1332 5032 sed

434 5072 549 5132 semper
563 5055 682 5115 saluare.
725 5055 782 5115 Per
795 5055 944 5119 christum.

476 5149 646 5210 Communia.
668 5149 726 5222 Tu,
740 5151 869 5225 domine,
884 5153 1013 5216 seruabis
1028 5173 1091 5218 nos.

765 5307 993 5370 Poslconrmum'o.

474 5411 564 5487 Deus,
580 5415 629 5490 qui
644 5433 675 5474 es
689 5416 803 5476 initium
817 5428 846 5477 et
860 5418 935 5491 finis,
950 5429 1072 5498 protege
1094 5419 1235 5482 famulum
1249 5433 1332 5484 tuum

565 5598 573 5626 ¹
591 5598 649 5649 vm,
661 5607 797 5665 transposes.
1018 5604 1029 5634 ¹
1045 5605 1202 5658 Underlined.

1634 563 1861 642 duodenario
1886 521 2048 641 linium.

1393 761 1439 823 .N.
1454 781 1508 842 pro
1523 781 1583 843 quo
1597 763 1648 824 tibi
1664 764 1694 823 in
1715 763 1829 825 honore
1849 766 1935 840 beate
1955 765 2045 842 marie
2066 767 2214 844 genitricis
2234 779 2291 842 tue,

1392 857 1521 930 domine,
1538 876 1574 917 ac
1596 853 1689 918 sauc'ti
1710 858 1877 937 archangeli
1895 858 2053 932 michaelis,
2075 862 2291 941 omnibusque¹

1392 951 1518 1012 sanctis¹
1538 951 1614 1012 tuis¹
1642 949 1848 1030 (omniumque
1877 965 2045 1014 sanctorum
2071 953 2202 1033 tuorum)
2223 967 2293 1017 uota

1391 1055 1420 1105 et
1434 1061 1555 1104 munera
1569 1045 1631 1106 eius
1652 1047 1704 1106 tibi
1724 1047 1892 1121 offerimus3
1914 1058 1947 1107 ut
1968 1048 2024 1108 sub
2037 1065 2095 1126 ope
2110 1049 2229 1110 dextere
2242 1060 2293 1126 tue

1391 1139 1499 1217 ubique
1519 1149 1689 1216 protegatur
1697 1160 1706 1214 ;
1728 1151 1758 1201 et
1776 1142 1858 1201 mitte
1871 1141 2011 1202 auxilium
2024 1153 2107 1202 tuum
2121 1143 2158 1204 de
2172 1145 2292 1205 sancta¹

1391 1230 1444 1312 (o),
1459 1231 1539 1292 etde
1554 1233 1619 1294 sion
1634 1244 1715 1294 tuere
1730 1254 1807 1308 eum,
1822 1235 1952 1309 domine,
1966 1245 1996 1296 et
2009 1253 2085 1315 auge
2103 1237 2130 1298 ei
2150 1238 2292 1300 felicitatis

1391 1337 1532 1404 tempora,
1557 1327 1631 1388 sicut
1657 1329 1775 1405 ezechie
1798 1341 1841 1390 ter
1865 1332 1971 1410 quinos
1999 1349 2094 1390 annos
2122 1333 2226 1393 auxisti
2254 1332 2292 1392 ad

1390 1422 1490 1482 uitam.
1532 1421 1643 1482 Tribue
1675 1423 1710 1496 ei,
1739 1422 1867 1496 domine,
1898 1442 1951 1502 per
1985 1425 2089 1485 merita
2123 1436 2291 1487 sanctorum

1390 1527 1551 1594 martyrum
1571 1526 1687 1576 tuorum
1708 1535 1809 1593 cosme
1823 1528 1852 1578 et
1865 1518 1995 1579 damiani
2015 1519 2138 1596 gratiam
2159 1530 2240 1581 tuam
2260 1521 2292 1580 in

1390 1609 1469 1686 celis,
1483 1619 1513 1670 ct
1526 1609 1590 1670 dele
1605 1611 1818 1689 cyrographum
1833 1623 2022 1691 peccatonrm
2036 1631 2163 1674 suorum.
2206 1615 2270 1675 Per.

1560 1887 1603 1953 ihr
1624 1891 1857 1956 thaumastum
1877 1891 1997 1956 arciteir
2017 1891 2121 1957 muer.

1431 2023 1582 2084 Terribilis
1596 2035 1641 2086 est
1654 2026 1737 2088 locus
1751 2029 1812 2088 iste.

1429 2119 1573 2178 Psalmo.
1596 2119 1695 2193 Quam
1710 2121 1822 2182 dilecta.

1779 2286 1906 2347 collecta.

1428 2389 1519 2460 Deus,
1540 2389 1591 2466 qui
1619 2392 1706 2451 nobis
1733 2411 1787 2470 per
1811 2393 1943 2470 singulos
1971 2411 2067 2453 annos
2089 2393 2176 2454 huius
2198 2398 2290 2457 sancti

1388 2483 1489 2560 templi
1507 2483 1549 2542 tui
1565 2487 1793 2546 consecrationis
1811 2505 1930 2564 reparas
1950 2485 2039 2558 diem,
2056 2496 2085 2547 et
2106 2489 2194 2548 sacris
2215 2509 2290 2550 sem-

1388 2595 1440 2655 per
1469 2578 1611 2656 mysteriis
1637 2591 1819 2656 representas
1846 2580 2027 2654 incolumes;
2057 2582 2164 2642 exaudi
2188 2602 2290 2661 preces

1388 2671 1489 2749 populi
1510 2673 1560 2744 tui,
1581 2682 1610 2731 et
1631 2685 1729 2752 presta
1749 2665 1789 2734 ut=
1802 2675 1936 2754 quisquis
1956 2674 2015 2735 hoc
2036 2674 2187 2752 templum,
2202 2679 2289 2739 bene·

1282 2761 1284 2766 ’
1388 2765 1453 2826 ficia
1473 2767 1622 2844 petiturus,
1638 2769 1805 2846 ingreditur,
1819 2779 1925 2831 cuncta
1938 2787 1970 2829 se
1984 2770 2159 2847 impetrasse
2179 2771 2289 2834 letetur.

1309 2857 1313 2868 '
1386 2858 1466 2919 Pent

1428 2953 1464 3013 In
1479 2955 1581 3016 diebus
1594 2957 1649 3018 illis
1663 2956 1723 3018 uidi
1737 2957 1883 3019 ciuitatem
1899 2967 2031 3018 sanctam
2045 2957 2218 3020 hierusalem
2228 2961 2247 3021 ³.

1431 3048 1584 3110 Graduale.
1606 3051 1704 3112 Locus
1718 3054 1771 3112 iste
1785 3072 1804 3114 a
1817 3052 1875 3114 deo
1889 3051 1984 3113 sactus
1998 3061 2050 3113 est.

1432 3143 1466 3203 U.
1487 3144 1570 3205 Deus
1586 3145 1632 3205 cui
1647 3147 1749 3207 adstat
1789 3147 1922 3208 Alleluia.

1431 3239 1466 3298 U.
1486 3239 1636 3300 Adorabo.

1426 3332 1463 3392 In
1485 3333 1533 3393 illo
1553 3343 1684 3412 ternpore
1705 3353 1840 3413 egressus
1854 3335 1952 3398 ihesus
1966 3336 2187 3415 perambulabat
2200 3338 2286 3401 hieri-

1386 3425 1470 3486 cho’.

1426 3521 1555 3582 Domine
1570 3520 1652 3595 deus,
1666 3524 1696 3582 in
1714 3524 1898 3602 simplicitate
1912 3525 2009 3587 cordis
2024 3531 2093 3589 mei.

1775 3684 1894 3747 Secreto.

1424 3790 1541 3865 Anuue,
1557 3810 1724 3868 quesumus,
1740 3792 1869 3867 domine,
1885 3786 2022 3871 precibus
2045 3800 2152 3860 uostris
2172 3811 2205 3860 ut
2222 3803 2285 3879 qui-

1384 3903 1511 3964 cumque
1531 3887 1605 3948 intra
1625 3888 1725 3966 templi
1746 3888 1839 3962 huius,
1854 3891 1936 3950 cuius
1958 3893 2187 3956 anniuersarium
2206 3897 2287 3957 dedi-

1384 3980 1507 4040 cationis
1528 3979 1607 4042 diem
1626 3982 1817 4055 celebramus,
1833 3985 1977 4044 ambitum
1992 3989 2184 4063 continemur,
2199 3992 2287 4069 plena

1384 4073 1436 4132 tibi
1456 4084 1544 4151 atque
1564 4075 1695 4152 perfecta
1715 4079 1848 4155 corporis
1868 4088 1898 4139 et
1922 4080 2020 4156 anime
2045 4082 2203 4146 deuotione
2225 4087 2287 4164 pla·

1384 4186 1502 4228 ceamus
1513 4189 1523 4243 3
1552 4180 1583 4229 ut
1614 4171 1685 4230 dum
1713 4170 1770 4247 hec
1797 4173 1945 4251 presentia
1970 4185 2040 4234 uota
2066 4177 2223 4252 reddimus,
2248 4181 2286 4241 ad

1384 4274 1490 4322 aetema
1503 4266 1622 4342 premia,
1637 4275 1666 4326 te
1680 4266 1846 4340 adiuuante,
1861 4269 1961 4328 uenire
1975 4287 2146 4332 mereamur.
2195 4273 2274 4334 Pers

1427 4355 1596 4420 Communia
1619 4359 1735 4421 Domus
1749 4379 1824 4422 mea

1719 4524 1953 4587 postcommum.

1423 4628 1513 4702 Deus,
1528 4630 1578 4708 qui
1592 4629 1754 4691 ecclesiam
1768 4642 1849 4692 tuam
1871 4651 2011 4710 sponsam
2026 4651 2132 4696 uocare
2150 4637 2286 4716 dignatus

1382 4741 1423 4795 es,
1447 4733 1479 4783 ut
1507 4742 1564 4803 que
1593 4725 1713 4785 haberet
1740 4728 1863 4804 gratiam
1887 4726 1964 4807 (per)
1993 4729 2062 4789 fidei
2089 4731 2286 4806 deuotionem,

1382 4817 1502 4877 haberet
1523 4817 1611 4878 etiam
1631 4837 1668 4878 ex
1690 4821 1810 4881 nomine
1831 4821 1985 4900 pietatem;
2007 4823 2056 4896 da,
2070 4835 2103 4884 ut
2118 4829 2216 4888 omnis
2229 4827 2285 4902 hec

1382 4911 1465 4988 plebs
1490 4913 1602 4971 nomini
1624 4922 1675 4972 trro
1698 4915 1830 4975 seruiens
1858 4916 1943 4976 huius
1971 4917 2107 4978 uocabuli
2135 4923 2284 4981 consortio

1383 5005 1472 5082 digna
1492 5022 1558 5065 esse
1579 5017 1732 5080 mereatur,
1747 5019 1777 5068 et
1798 5008 1930 5070 aecclesia
1946 5020 1996 5071 tua
2016 5011 2048 5070 in
2069 5014 2180 5091 templo
2202 5015 2285 5076 cuius

1381 5100 1595 5160 anniuersarius
1613 5101 1804 5165 dedicationis
1818 5105 1881 5168 dies
1900 5105 2070 5179 celebratur,
2084 5109 2135 5170 tibi
2154 5110 2285 5184 collecta,

1382 5207 1411 5258 te
1432 5198 1541 5270 timeat,
1558 5208 1587 5258 te
1608 5199 1718 5280 diligat,
1736 5212 1764 5262 te
1786 5214 1940 5283 sequatur;
1962 5215 1995 5266 ut
2016 5205 2088 5266 dum
2108 5207 2212 5284 iugiter
2232 5227 2285 5286 per

1382 5293 1505 5369 uestigia
1526 5303 1576 5352 tua
1596 5295 1733 5371 graditur,
1748 5297 1786 5357 ad
1800 5299 1920 5359 celestia
1938 5300 2092 5376 promissa,
2106 5312 2136 5361 te
2151 5301 2284 5375 ducente,

1382 5387 1534 5464 pemenire
1548 5399 1701 5450 mereatur.
1742 5391 1822 5452 Pers

1416 5611 1425 5640 ¹
1442 5611 1602 5664 Underlined.
1701 5615 1712 5645 ¹
1728 5618 1810 5682 apoc.
1821 5618 1870 5668 xxi.
1885 5631 1941 5683 ²·5·
2023 5619 2033 5648 ¹
2048 5619 2252 5672 an.xix.r-10.
