5116 6608
573 580 732 658 batuto
757 583 973 659 intimum.

365 778 413 846 ad
434 779 712 846 reconciliandum.
756 783 915 866 Alioquin
936 784 1097 867 presbiter
1117 807 1223 852 recon-

363 881 478 944 cilians
488 881 662 964 presbitero
673 903 807 947 manum
820 892 1026 966 neperpenere
1036 907 1098 951 nan
1109 887 1199 952 debet
1204 910 1220 962 ,·

360 982 473 1045 ceteris
490 1001 566 1045 uero
586 981 730 1064 infimis
749 992 943 1066 superponat
959 987 1061 1068 capiti
1076 1008 1219 1064 uranum,

363 1079 470 1146 duem
484 1082 661 1146 oratiorum
675 1081 723 1146 ad
733 1084 1024 1150 recoruiliandum:

364 1206 504 1286 Adesto,
523 1205 664 1286 domine,
685 1207 981 1291 supplicationibus
996 1213 1124 1276 nostris.
1153 1211 1219 1277 Re·

319 1309 413 1389 quire
425 1306 501 1372 Fer.
519 1327 549 1371 u.
566 1307 601 1371 in
616 1327 692 1372 cena
705 1307 841 1373 demini.

319 1431 445 1498 Deinde
458 1431 595 1497 sucendi
606 1442 686 1496 sunt
698 1433 762 1498 .uii.
769 1433 896 1516 psalmi
900 1435 1134 1519 penitentiaks,
1146 1459 1219 1502 cum

693 1531 835 1598 letania:

363 1658 517 1734 Domine,
534 1677 576 1721 ne
591 1657 625 1721 in
640 1657 689 1721 ira
702 1665 761 1722 tua
776 1659 807 1723 .i.

362 1757 456 1823 Beati
471 1777 621 1841 quorum.

360 1857 515 1937 Domine,
530 1878 573 1922 ne
587 1857 620 1921 in
637 1857 684 1921 ira
698 1865 757 1922 tua
773 1857 815 1922 ii.

363 1957 520 2024 Miserere
535 1958 565 2024 .i.

362 2057 518 2134 Domine,
530 2057 653 2122 exaudi
670 2056 698 2120 .i.

362 2157 415 2222 De
432 2157 611 2241 profundis.

362 2258 516 2332 Domine,
533 2259 656 2322 exaudi
673 2259 714 2326 ii.

403 2382 575 2448 inchoante
589 2392 695 2449 autem
711 2383 851 2462 latonia,
867 2383 956 2450 de'cat
968 2384 1133 2450 sacerdos:

362 2508 470 2583 Parce,
498 2508 640 2584 domine,
665 2530 763 2592 parce
792 2507 918 2575 famulo
947 2520 1007 2575 tuo
1036 2510 1092 2575 ill.
1118 2532 1217 2594 quem

319 2609 495 2686 redemisti,
523 2609 652 2687 christe,
674 2610 833 2692 sanguine
860 2620 927 2676 tuo.
984 2610 1038 2675 Ne
1064 2611 1098 2674 in
1124 2621 1219 2676 aeter-

319 2733 394 2778 nam
417 2713 565 2779 irascaris
584 2715 625 2778 ei.
669 2712 792 2778 Amen.

385 2853 506 2918 Tribus
519 2851 652 2917 aurbus.
698 2852 857 2935 Sequitur
869 2852 991 2918 btania
1003 2862 1038 2916 et
1042 2862 1160 2935 preces.

361 2981 459 3046 Pater
474 2987 594 3044 noster.

361 3079 500 3144 Saluum
515 3079 566 3145 iac
581 3099 713 3144 seruum
727 3088 832 3145 tuum.

359 3179 523 3244 Dominus
539 3190 710 3244 conscmet
726 3199 812 3245 eum.

359 3279 524 3345 Dominus
538 3300 637 3363 opem
653 3278 737 3346 ierat
753 3279 799 3342 illi
814 3298 914 3361 super
930 3278 1064 3343 lectum.

359 3379 524 3445 Dominus
539 3381 704 3445 custodiat
719 3391 753 3444 te
769 3378 812 3445 ab
828 3378 928 3442 omni.

359 3479 524 3544 Dominus
542 3479 706 3544 custodiat
722 3478 903 3544 introitum.

358 3579 499 3663 Angelis
514 3580 581 3643 suis
597 3579 776 3644 mandauit.

359 3679 483 3744 Perfice
496 3699 628 3762 gressus
644 3679 730 3743 illius
745 3679 778 3743 in
794 3678 929 3744 semitis.

358 3779 502 3843 Domine
524 3786 637 3844 auerte
659 3778 777 3843 faciem
797 3787 888 3842 tuam
911 3798 932 3842 a
953 3777 1099 3860 peccatis
1121 3774 1216 3853 illius,

400 3887 435 3944 et
450 3897 565 3942 omnes
584 3877 774 3960 iniquitates
792 3877 862 3941 eius
876 3877 962 3942 dele.

359 3975 442 4042 Esto
458 3977 497 4057 ei,
512 3977 655 4052 domine,
672 3977 769 4043 turris
783 3975 992 4041 fortitudinis.

359 4076 567 4155 Conuerterc,
583 4079 726 4156 domine,
741 4077 931 4160 aliquando.

357 4176 449 4241 Nihil
464 4177 613 4260 proficiet
628 4176 777 4240 inimicus
792 4176 825 4238 in
841 4197 926 4240 eum.

358 4276 457 4342 Mitte
473 4279 512 4356 ei,
527 4277 668 4355 dominc,
683 4275 854 4340 auxilium.

358 4375 513 4453 Domine,
530 4376 663 4441 exaudi.

358 4475 515 4541 Miserere
531 4477 605 4553 mei,
621 4476 703 4540 deus
720 4475 750 4541 .i.

625 4613 784 4695 Sequitur
796 4614 911 4678 oratio.

357 4727 577 4810 Omnipotens
598 4727 689 4802 deus,
705 4727 763 4809 qui
785 4727 818 4790 in
839 4727 973 4790 nomine
988 4725 1147 4808 unigeniti
1163 4724 1213 4788 sui

316 4828 400 4892 misit
415 4827 567 4910 spiritum
583 4836 734 4891 sanctum
758 4826 940 4890 secundum
962 4825 1212 4908 promissionem

314 4948 405 4991 suam
429 4926 598 5010 discipulis
620 4926 696 5003 suis,
718 4926 867 4991 ciiundat
889 4936 1038 5008 superte
1060 4925 1212 5008 spiritum

313 5026 507 5109 paraclitum
529 5026 755 5110 septiformem
777 5027 821 5092 dc
842 5025 950 5103 caelis3
972 5024 1163 5109 repleatque
1178 5034 1212 5089 te

313 5127 426 5209 spiritu
452 5125 580 5190 timoris
603 5125 664 5200 sui,
689 5127 806 5208 spiritu
831 5125 976 5190 scientia
1005 5134 1039 5190 et
1069 5125 1210 5207 pictatis,

313 5227 426 5308 spiritu
442 5225 567 5290 consilii
582 5235 618 5290 et
633 5225 842 5303 fortitudinis,
857 5225 975 5309 spiritu
990 5223 1162 5307 sapientiae
1177 5234 1211 5288 et

313 5325 504 5404 intellectus,
519 5325 577 5408 qui
597 5333 764 5408 excoquat
787 5345 920 5389 omnem
936 5323 1118 5407 rubiginem
1135 5343 1211 5406 pec-

312 5436 458 5490 catorum
480 5435 621 5503 tuorum,
644 5435 681 5489 ut
705 5422 803 5488 nullis
825 5423 891 5488 iam
914 5423 1070 5507 preterita
1092 5423 1209 5506 iniqui-

312 5525 389 5588 tatis
415 5524 468 5588 uel
491 5522 678 5607 fragilitatis
703 5522 913 5588 confundaris
938 5523 1120 5600 erroribus3
1151 5521 1210 5586 sed

312 5622 444 5690 inducat
472 5623 505 5688 in
535 5643 679 5702 omnem,
703 5623 788 5690 sicut
814 5624 902 5689 idem
932 5624 1083 5708 promisit
1113 5621 1209 5702 filius,

1526 586 1685 666 vuarno
1710 587 1924 664 intimatum.
2104 613 2175 684 239

1275 788 1448 854 ueritatem
1485 788 1651 869 scientiae3
1681 789 1914 872 custodiatque
1945 798 1980 856 te
2015 811 2037 856 a
2072 794 2175 858 totius

1274 889 1439 971 prauitate
1465 889 1629 971 nequitiae,
1657 897 1691 954 et
1716 890 1883 954 mundane
1907 892 2175 971 conuersationis,

1274 1007 1331 1053 seu
1355 989 1494 1053 carnalis
1517 988 1725 1054 inmunditiae
1756 989 1960 1073 contagione,
1984 1011 2024 1055 ac
2054 995 2175 1058 mentis

1273 1090 1402 1172 impure
1416 1090 1544 1167 affectu,
1559 1097 1594 1153 et
1611 1090 1760 1153 omnium
1776 1088 1980 1153 inimicorum
1996 1091 2174 1156 uisibilium

1273 1198 1307 1255 et
1324 1189 1535 1255 inuisibilium
1547 1187 1672 1254 scilice't
1687 1186 1953 1253 infestationibus
1968 1189 2021 1254 uel
2036 1190 2174 1270 incursu,

1272 1290 1497 1373 perducatque
1512 1298 1546 1354 te
1561 1288 1606 1352 ad
1622 1286 1763 1372 gratiam
1784 1297 1818 1354 et
1839 1288 1978 1371 gloriam
2001 1291 2092 1374 regni
2114 1292 2173 1367 sui,

1271 1395 1364 1460 cuius
1385 1394 1489 1459 uirtus
1508 1402 1542 1458 et
1564 1391 1738 1476 imperium
1761 1401 1933 1476 permanet
1948 1395 1981 1458 in
1996 1395 2107 1461 secula
2122 1416 2175 1459 se·

1272 1494 1430 1560 culorum.
1473 1491 1597 1558 Amen.

1677 1579 1769 1644 Aba.

1317 1703 1538 1788 Omnipotens
1560 1703 1733 1769 mitissime
1754 1704 1846 1778 deus,
1866 1703 1990 1784 respice
2012 1705 2173 1790 propitius

1272 1823 1386 1886 preces
1410 1814 1548 1882 nostras,
1572 1813 1606 1867 et
1629 1803 1732 1868 libera
1757 1822 1814 1867 cor
1837 1802 1951 1868 famuli
1975 1805 2024 1869 tui
2048 1803 2104 1870 ill.
2131 1807 2174 1870 de

1272 1903 1434 1968 malarum
1464 1903 1683 1986 temptatione
1715 1901 1963 1985 cogitationum,
1994 1913 2032 1969 ut
2068 1907 2173 1972 sancti

1271 2003 1404 2086 spiritus
1440 2002 1580 2088 dignum
1613 2001 1682 2067 ficri
1718 2001 1946 2068 habitaculum
1978 2002 2173 2071 inueniatur.

1272 2103 1343 2168 Per.

1270 2227 1397 2293 Deinde
1425 2229 1556 2312 spargit
1579 2249 1699 2310 aquam
1724 2224 1919 2292 benedictam
1950 2239 2046 2312 super
2070 2229 2172 2310 illum,

1323 2338 1356 2392 et
1367 2337 1462 2412 super
1475 2328 1607 2393 mum
1621 2327 1699 2405 eius,
1713 2326 1822 2392 dicem
1835 2325 1919 2392 banc
1932 2331 2108 2394 nationem
2125 2355 2135 2392 :

1314 2451 1451 2518 Exaudi
1466 2472 1535 2532 nos,
1551 2452 1692 2527 domine,
1708 2462 1821 2517 sancte
1843 2463 1946 2537 pater,
1962 2455 2173 2539 omnipotens

1270 2561 1392 2618 aeteme
1422 2553 1514 2631 deus,
1545 2561 1581 2616 et
1609 2551 1742 2617 mittere
1765 2553 1902 2636 dignare
1931 2564 2083 2620 sanctum
2113 2577 2171 2620 an-

1269 2652 1382 2734 gelum
1401 2661 1495 2717 tuum
1512 2652 1556 2717 de
1573 2649 1671 2725 caelis,
1687 2651 1744 2735 qui
1767 2653 1942 2728 custodiat,
1958 2652 2080 2731 foueat,
2096 2677 2173 2738 pro·

1270 2761 1372 2836 tegat,
1395 2752 1516 2824 uisitet,
1539 2759 1574 2818 et
1601 2751 1759 2817 defendat
1784 2771 1900 2818 omnes
1926 2751 2117 2820 habitantes
2139 2757 2172 2821 in

1270 2851 1334 2918 hoc
1354 2851 1556 2918 habitaculo.
1601 2852 1671 2916 Per.

1315 2952 1474 3035 Sequitur
1486 2951 1628 3034 epistoh.
1649 2951 1815 3016 Tristatur
1829 2950 1948 3034 aliquis
1960 2961 2118 3017 uestrum.

1312 3051 1347 3116 E
1349 3062 1365 3116 t
1375 3052 1590 3136 euangelium.
1613 3051 1654 3115 In
1669 3050 1726 3115 illo
1741 3059 1892 3134 tempore
1911 3051 2046 3117 intrauit
2062 3051 2171 3118 ihesus

1269 3151 1502 3235 capharnaum.

1659 3236 1783 3302 Oratio.

1312 3351 1533 3435 Omnipotens
1558 3352 1650 3425 deus,
1677 3349 1734 3432 qui
1762 3367 1823 3433 per
1847 3368 1886 3414 os
1911 3349 2001 3415 beati
2025 3352 2168 3433 apostoli

1267 3451 1317 3516 tui
1338 3452 1443 3518 iacobi
1466 3451 1553 3516 hunc
1576 3447 1794 3514 ministerium
1818 3448 1954 3513 infirmis
1979 3448 2170 3516 hominibus

1267 3550 1374 3617 iacere
1395 3550 1590 3635 precepisti3
1613 3569 1772 3614 conserua
1793 3545 1918 3612 famulo
1939 3557 1999 3613 tuo
2019 3549 2075 3615 ill.
2097 3561 2170 3617 tua·

1267 3675 1340 3719 rum
1355 3656 1443 3720 dona
1457 3656 1625 3730 uirtutum,
1637 3662 1671 3717 et
1685 3653 1830 3718 concede
1842 3661 1879 3718 ut
1894 3652 2060 3717 medelam
2076 3662 2169 3720 tuam

1269 3777 1334 3821 non
1349 3755 1457 3821 solum
1473 3755 1506 3820 in
1521 3774 1657 3838 corpore
1672 3754 1731 3818 sed
1748 3752 1849 3818 etiam
1864 3753 1898 3818 in
1913 3754 2025 3819 anima
2039 3756 2168 3820 sentiat.

1268 3856 1339 3921 Per.

1671 3939 1764 4004 Atra.

1311 4055 1456 4120 Domine
1478 4055 1568 4130 deus,
1582 4053 1639 4137 qui
1654 4073 1713 4137 per
1727 4050 1916 4136 apostolum
1931 4062 2025 4118 tuum
2040 4054 2169 4120 locutus

1267 4176 1322 4221 es:
1346 4155 1536 4220 infirmatur
1553 4154 1627 4238 quis
1647 4153 1681 4216 in
1697 4152 1800 4228 uobis,
1821 4152 1955 4217 inducat
1969 4153 2169 4235 presbiteros

1267 4255 1421 4333 ecclesiae,
1438 4266 1472 4321 et
1487 4262 1582 4320 orent
1596 4272 1792 4335 supereum,
1805 4263 1988 4336 unguentes
2003 4273 2078 4317 eum
2094 4253 2168 4317 oleo

1265 4366 1380 4421 sancto
1396 4355 1429 4420 in
1445 4354 1579 4419 nomine
1595 4352 1731 4431 domini,
1747 4362 1781 4417 et
1800 4353 1906 4416 oratio
1926 4352 2003 4416 fidei
2026 4352 2168 4418 saluabit

1265 4455 1440 4533 infirmum,
1463 4463 1497 4519 ct
1526 4453 1686 4518 alleuabit
1715 4472 1791 4517 eum
1822 4451 1984 4530 dominus,
2010 4460 2045 4515 et
2076 4453 2102 4516 si
2133 4455 2166 4517 in

1264 4554 1411 4639 peccatis
1430 4555 1474 4620 sit
1487 4554 1698 4619 dimittentur
1712 4553 1753 4616 ei.
1799 4549 1896 4626 Cura,
1913 4571 2100 4634 quesumus,
2115 4572 2165 4616 re·

1264 4656 1418 4739 demptos
1440 4663 1559 4732 noster,
1579 4653 1687 4737 gratia
1709 4653 1842 4735 spiritus
1864 4651 1968 4715 sancti
1990 4651 2166 4734 languores

1264 4757 1357 4820 istius
1382 4754 1511 4831 infirmi,
1534 4763 1568 4818 et
1592 4753 1661 4816 eius
1688 4771 1769 4816 sana
1793 4750 1940 4826 uulnera,
1965 4770 2005 4814 ac
2034 4751 2166 4815 dimitte

1263 4865 1409 4938 peccata,
1425 4865 1527 4937 atque
1542 4852 1673 4918 dolores
1687 4859 1822 4916 cunctos
1839 4851 1947 4914 cordis
1967 4860 2001 4914 et
2021 4850 2165 4932 corporis

1264 4954 1395 5037 expelle
1417 4955 1460 5018 ab
1484 4974 1532 5028 eo,
1549 4963 1583 5017 et
1606 4952 1739 5035 plenam
1756 4951 1786 5014 ei
1801 4950 1937 5015 interius
1953 4951 2165 5032 exteriusque

1262 5055 1440 5119 sanitatem
1466 5052 1719 5116 misericorditer
1745 5049 1856 5127 redde,
1883 5058 1921 5113 ut
1949 5069 2014 5132 ope
2041 5049 2164 5112 miseri·

1261 5154 1371 5236 cordic
1403 5162 1460 5235 tue
1489 5153 1659 5217 restitutus
1689 5159 1723 5214 et
1751 5159 1897 5224 sanatus,
1918 5149 1961 5213 ad
1991 5148 2163 5232 pristinam

1261 5254 1395 5338 pietatis
1410 5262 1476 5318 tuae
1491 5261 1660 5334 reparetur
1674 5249 1789 5314 officia
1834 5247 1905 5312 Per.

1666 5402 1758 5467 Alia.

1305 5521 1448 5588 Oremus
1470 5519 1643 5586 dominum
1664 5529 1813 5585 nostrum
1840 5518 1968 5584 ihesum
1994 5517 2161 5598 christum,

1261 5632 1295 5689 et
1317 5641 1393 5688 cum
1415 5621 1506 5688 omni
1523 5619 1763 5706 supplicatione
1783 5639 1946 5704 rogemus,
1960 5627 1998 5684 ut
2012 5618 2099 5684 hunc
2115 5618 2162 5683 la·
