5124 6608
443 589 493 661 90
809 568 976 654 &abbata

442 789 598 846 ceremur,
628 789 729 852 quam
767 767 935 852 suppliciis
972 767 1173 851 deputemur
1201 767 1341 832 aeternis.

443 873 528 939 Pers

822 957 962 1024 Secreta.

486 1083 613 1148 Praesta
639 1082 743 1163 nobis,
767 1082 950 1147 misericors
976 1082 1067 1156 deus,
1091 1092 1128 1147 ut
1152 1082 1252 1167 digne
1276 1082 1343 1148 tuis

442 1184 563 1248 seruire
593 1202 724 1264 semper
754 1182 914 1248 altaribus
945 1203 1138 1261 mereamur,
1165 1193 1199 1247 et
1229 1203 1342 1247 eorum

441 1293 600 1370 perpetua
615 1282 867 1365 participatione
882 1281 1012 1345 saluari.
1059 1282 1145 1346 Pers

805 1443 979 1527 Proefatr'o.

486 1571 531 1638 U.
544 1571 587 1635 D.
603 1591 662 1654 per
677 1569 834 1635 christum
851 1572 1022 1637 dominum
1039 1580 1199 1636 nostrum.
1241 1567 1343 1634 Cuius

442 1692 502 1735 nos
519 1671 740 1736 misericordia
756 1673 917 1753 praeuenit
932 1679 970 1734 ut
985 1672 1071 1735 bene
1085 1690 1243 1753 agamus;
1266 1669 1343 1734 sub·

442 1772 589 1856 sequitur
600 1791 642 1835 ne
655 1770 774 1834 frustra
786 1791 944 1854 agamus;
965 1771 1115 1835 accendit
1127 1771 1342 1835 intentionem

441 1891 508 1954 qua
533 1870 577 1934 ad
607 1890 708 1952 opera
737 1870 825 1934 bona
855 1869 1046 1954 peragenda
1076 1869 1342 1945 inardescamus;

441 1970 556 2034 tribuit
584 1969 772 2048 efficaciam,
799 1990 867 2052 qua
892 1969 964 2034 haec
991 1969 1034 2032 ad
1058 1969 1242 2051 perlectum
1268 1989 1343 2052 per·

441 2069 561 2134 ducere
576 2068 756 2132 ualeamus.
799 2067 909 2133 Tuam
926 2088 1006 2150 ergo
1020 2066 1230 2133 clementiam
1251 2069 1342 2133 inde-

440 2167 534 2234 fessis
549 2168 675 2232 uicibus
690 2166 910 2248 obsecramus,
926 2177 963 2232 ut
985 2188 1047 2231 nos
1069 2167 1179 2232 ieiunii
1199 2168 1342 2232 uictimis

441 2289 461 2332 a
487 2268 631 2353 peccatis
654 2268 832 2332 mundatos
857 2270 901 2333 ad
924 2266 1158 2333 celebrandurn
1182 2266 1342 2350 unigeniti

440 2367 498 2432 filii
535 2366 583 2430 tui
618 2365 743 2430 domini
773 2367 877 2432 nostri
907 2368 1096 2452 passionem
1133 2366 1233 2432 facias
1270 2387 1342 2431 esse

441 2468 593 2533 deuotos.
639 2465 702 2530 Per
715 2487 816 2550 quem
827 2466 851 2530 ¹.

736 2629 797 2693 Ad
814 2626 1045 2712 complendum.

485 2754 618 2838 Sumpti
641 2752 798 2833 sacrificii,
819 2756 962 2834 domine,
983 2763 1141 2839 perpetua
1164 2776 1224 2820 nos
1244 2753 1343 2820 tuitio

441 2874 507 2920 non
530 2854 703 2938 relinquat,
727 2864 761 2919 et
785 2855 888 2919 noxia
909 2874 1042 2939 semper
1063 2875 1083 2919 a
1106 2856 1201 2920 nobis
1224 2863 1343 2920 cuncta

439 2954 598 3039 depellat.
643 2954 706 3019 Per
720 2953 918 3019 dominum?

751 3121 861 3204 Super
874 3121 1040 3205 populum.

484 3246 649 3323 Concede,
672 3267 861 3330 quesumus,
884 3249 1095 3330 omnipotens
1117 3247 1207 3323 deus,
1227 3257 1265 3311 ut
1286 3245 1342 3331 qui

440 3346 654 3430 protectionis
684 3354 751 3411 tuae
782 3345 927 3431 gratiam
958 3346 1133 3430 querimus,
1162 3346 1293 3412 liberati
1322 3367 1343 3410 a

441 3445 537 3509 malis
569 3446 740 3540 omnibus⁸
760 3467 876 3512 secura
913 3447 973 3511 tibi
1011 3456 1123 3512 mente
1152 3447 1342 3513 seruiamus.

443 3543 506 3610 Per
521 3545 720 3611 dominum.t

801 3729 963 3795 Sabbatot

706 3861 738 3924 A
742 3862 768 3926 d
778 3872 926 3927 sanctum
933 3872 1074 3947 petrum.

657 3990 795 4073 Quando
808 3992 979 4058 elemosina
993 3993 1095 4057 datur
1103 3990 1127 4057 ³.

486 4126 646 4202 Proficiat,
666 4127 808 4206 domine,
824 4147 1010 4210 quesumus,
1033 4127 1128 4211 plebs
1149 4124 1210 4191 tibi
1233 4125 1342 4192 dicata

441 4226 505 4310 piae
529 4226 714 4291 deuotionis
738 4225 868 4306 affectu,
891 4236 927 4291 ut
947 4227 1047 4292 sacris
1068 4226 1251 4291 actionibus
1271 4247 1342 4291 eru-

440 4329 511 4393 dita
526 4337 652 4410 quanto
668 4326 833 4392 maiestati
848 4335 916 4391 tuae
931 4327 975 4390 sit
991 4326 1122 4410 gratior,
1138 4335 1233 4391 tanto
1247 4325 1343 4390 donis

439 4425 623 4510 potioribus
636 4433 805 4509 augeatur.
850 4426 935 4492 Pers

818 4579 957 4646 Secreta.

484 4702 621 4770 Cunctis
646 4724 719 4781 nos,
745 4705 889 4783 domine,
916 4723 1104 4788 quesumus,
1133 4703 1278 4770 reatibus
1308 4712 1342 4768 et

439 4803 593 4886 periculis
613 4803 811 4887 propitiatus
831 4804 977 4878 absolue,
994 4825 1077 4887 quos
1092 4803 1177 4869 tanti
1193 4805 1341 4886 mysterii

439 4902 555 4967 tribuis
571 4923 642 4968 esse
658 4912 834 4970 consortes.
880 4905 943 4968 Per
957 4904 1127 4969 dominum
1142 4913 1315 4969 nostrum.t

471 5068 480 5099 ¹
497 5069 529 5121 0.
541 5086 566 5135 p.
579 5084 634 5133 ³1⁰·
648 5069 676 5120 Z.

471 5146 482 5177 ¹
498 5160 524 5198 a
535 5148 657 5200 Sitieates.

496 5237 533 5276 ea.
545 5227 689 5277 Adtendite.

496 5316 523 5355 a.
534 5305 602 5363 Tibi.
614 5305 722 5356 domine.

496 5393 524 5434 v,
536 5382 571 5433 Ut
582 5383 650 5448 quid,
662 5382 770 5436 domine.

497 5471 540 5510 oe.
554 5459 645 5510 Factus
656 5467 693 5512 est
703 5462 773 5513 deus.

472 5537 483 5568 ⁸
498 5537 532 5589 So
539 5537 571 5589 V.
593 5538 648 5590 Tbe
659 5539 714 5589 title
725 5538 888 5606 isexplained
898 5539 1036 5606 byAlcuin,
1049 5539 1144 5606 Mlgne,
1156 5539 1211 5594 Bib.
1222 5539 1341 5590 Patiar.

439 5615 533 5667 lxxviii
546 5614 577 5681 76
583 5632 591 5680 ;
607 5617 641 5684 by
652 5617 801 5678 Amalarius,
814 5617 854 5669 De
864 5619 959 5670 Ecclu.
970 5618 1043 5670 Offic.
1055 5618 1072 5668 i.
1083 5633 1108 5686 9.

941 5160 1008 5200 corr.
1020 5149 1145 5199 Dominus
1153 5154 1222 5215 reget
1232 5163 1280 5200 me.

940 5231 1013 5292 (ure.
1025 5227 1148 5278 Dixerunt
1160 5227 1231 5293 impii
1244 5225 1320 5277 iudei.

939 5317 985 5358 rw.
997 5307 1088 5363 Arnen,
1099 5321 1179 5362 amen,
1190 5304 1248 5355 dico
1260 5303 1339 5364 uobis,

1012 5383 1059 5434 nisi
1071 5383 1297 5446 mandueaueritis).

1639 565 1812 642 Ramista
1838 568 1871 640 ln
1897 565 2042 662 Quint.

1757 765 1931 850 Prcefatr‘o.

1439 890 1483 956 U.
1502 891 1546 954 D.
1568 900 1692 955 aeterne
1713 891 1803 957 deus.
1849 891 1950 958 Cuius
1972 912 2033 956 nos
2055 889 2138 955 fides
2161 889 2296 968 excitat,

1394 1011 1470 1074 spes
1487 992 1591 1075 erigit,
1601 993 1720 1056 caritas
1736 992 1850 1075 iungit,
1862 991 1954 1056 cuius
1969 991 2135 1055 miseratio
2151 991 2296 1073 gratuita

1394 1091 1555 1172 purificat,
1578 1111 1662 1174 quos
1688 1091 1898 1156 conscientiae
1923 1102 2032 1155 reatus
2058 1099 2200 1154 accusat.
2244 1089 2296 1156 Te

1394 1189 1494 1272 igitur
1508 1211 1584 1255 cum
1599 1191 1728 1255 interno
1744 1191 1852 1274 rugitu
1868 1192 2091 1273 deprecamur,
2104 1198 2141 1253 ut
2156 1190 2297 1254 carnalis

1394 1289 1560 1355 alimoniae
1578 1290 1796 1356 refrenatione
1818 1289 1979 1375 castigati,
1992 1290 2037 1354 ad
2059 1287 2295 1354 celebrandurn

1395 1389 1550 1472 paschale
1588 1391 1782 1473 mysterium
1820 1391 2027 1455 inueniamur
2055 1389 2175 1453 idonei.
2232 1388 2295 1454 Per

1395 1489 1552 1556 christum
1568 1491 1738 1555 dominum
1755 1499 1903 1555 nostrum
1913 1489 1935 1554 ¹.

1693 1679 1756 1745 Ad
1765 1680 1992 1764 complendum.

1438 1801 1553 1868 Diuini
1591 1804 1735 1868 muneris
1765 1803 1919 1888 largitate
1951 1800 2073 1879 satiati,
2103 1820 2293 1883 quesumus,

1394 1903 1528 1968 domine
1544 1902 1627 1968 deus
1650 1912 1771 1978 noster,
1787 1912 1825 1968 ut
1846 1901 1943 1967 huius
1966 1920 2098 1983 semper
2119 1899 2295 1985 participa·

1394 2005 1483 2069 tione
1498 2003 1661 2068 uiuamus.
1700 2003 1786 2067 Peat

1706 2190 1813 2273 Super
1818 2189 1983 2272 populum.

1436 2317 1593 2393 Tueatur,
1602 2335 1794 2400 quesumus,
1807 2315 1948 2391 domine,
1961 2314 2102 2380 dextera
2113 2323 2173 2379 tua
2187 2333 2294 2398 popu-

1392 2418 1462 2482 lum
1478 2427 1573 2482 tuum
1589 2416 1834 2499 deprecantem,
1846 2426 1879 2479 et
1896 2414 2103 2497 purificatum
2119 2414 2295 2497 dignanter

1393 2517 1530 2596 erudiat,
1546 2525 1583 2581 ut
1599 2514 1824 2580 consolatione
1846 2515 1991 2599 presenti
2009 2515 2053 2578 ad
2074 2513 2184 2580 lutura
2205 2513 2295 2578 bona

1393 2617 1555 2704 proficiat.
1600 2617 1687 2681 Pera

1670 2889 1825 2954 bomiuler
1839 2888 1870 2952 ln
1883 2889 1989 2971 palmis
1996 2889 2018 2952 ¹.

1522 3053 1584 3119 Ad
1594 3063 1741 3120 sanctum
1757 3053 1927 3119 iohannem
1942 3052 1977 3118 in
1994 3050 2162 3118 lateram

1522 3202 1706 3269 Benedictio
1716 3202 1906 3285 palmarum
1920 3201 2120 3287 siuesterum
2129 3200 2154 3264 ³.

1437 3344 1540 3421 Deus,
1569 3345 1626 3429 qui
1653 3345 1801 3426 dispersa
1823 3362 2014 3428 congregas,
2037 3352 2071 3407 et
2093 3351 2293 3427 congregata

1364 3455 1365 3460 ’
1393 3464 1576 3524 conseruas,
1592 3443 1648 3527 qui
1664 3443 1796 3527 populis
1813 3443 1947 3508 obuiam
1970 3442 2061 3506 ihesu
2085 3461 2194 3507 ramos
2217 3463 2292 3527 por-

1393 3545 1542 3610 tantibus
1561 3544 1771 3622 benedixisti,
1786 3543 1968 3613 benet-dic
1984 3542 2086 3606 etiam
2104 3540 2165 3607 hos
2184 3561 2293 3606 ramos

1393 3644 1504 3728 palme
1526 3652 1560 3708 et
1583 3643 1680 3726 oliue,
1696 3643 1766 3706 siue
1782 3651 1815 3707 et
1831 3662 1940 3706 ramos
1958 3641 2122 3716 arborum,
2139 3661 2223 3724 quos
2244 3639 2293 3706 tui

1393 3742 1508 3807 famuli
1523 3743 1567 3807 ad
1583 3742 1725 3806 nominis
1740 3741 1788 3807 tui
1804 3741 2067 3805 benedictionem
2083 3740 2244 3815 deferunt,
2257 3748 2294 3804 ut

1425 3955 1434 3987 ¹
1450 3956 1482 4007 0.
1492 3973 1517 4022 p.
1529 3969 1584 4019 310.
1597 3956 1624 4006 Z.

1425 4033 1436 4064 ¹
1453 4037 1508 4098 (aa.
1532 4035 1591 4084 Hoc
1612 4035 1709 4085 sentite.

1453 4113 1557 4165 Pnssro.
1570 4111 1644 4163 Scitis
1654 4113 1734 4176 quia).

1449 4202 1476 4240 Α.
1489 4191 1606 4251 Domine,
1615 4205 1645 4240 ne
1652 4189 1726 4254 longe
1733 4190 1819 4240 iacias.

1450 4281 1487 4320 rs.
1499 4269 1577 4327 Dens.
1599 4268 1660 4319 deus
1682 4285 1760 4327 meus,
1782 4285 1818 4318 re·

1524 4347 1599 4413 spice.

1449 4437 1476 4478 a.
1487 4425 1602 4478 'renuisti
1612 4441 1722 4478 manum.

1450 4517 1477 4556 v.
1489 4505 1572 4569 Quam
1583 4505 1664 4555 bonas
1675 4505 1757 4556 israel.

1450 4595 1548 4634 saner.
1565 4582 1644 4639 Deus.
1662 4582 1724 4635 deus
1740 4599 1818 4642 meus.

1523 4661 1626 4727 respice.

1450 4749 1477 4790 v.
1488 4738 1575 4804 Longe
1586 4755 1602 4788 a
1613 4737 1701 4790 salute.

1450 4828 1477 4869 v.
1490 4817 1559 4869 Deus
1570 4833 1647 4874 meus,
1659 4816 1780 4868 clmmbo.

1449 4905 1476 4943 v.
1487 4895 1528 4945 Tu
1539 4901 1622 4945 autu
1634 4895 1659 4944 iu
1673 4903 1761 4946 sancto
1776 4895 1820 4944 ha-

1523 4973 1598 5022 bites.

1929 4043 1956 4084 v.
1968 4031 2009 4082 nd
2021 4040 2046 4083 te
2057 4031 2234 4084 clamaberunt.

1927 4122 1954 4162 v.
1966 4111 2023 4176 Ego
2034 4118 2116 4161 autem
2128 4127 2184 4161 sum
2194 4109 2292 4162 termis.

1927 4199 1954 4240 v.
1966 4189 2059 4240 Omnes
2070 4189 2111 4254 qui
2123 4189 2249 4240 uidebant.

1927 4279 1953 4316 v.
1965 4267 2079 4332 Sperauit
2090 4267 2117 4316 ia
2126 4267 2237 4318 domino.

1927 4357 1954 4394 v.
1972 4345 2025 4412 ipsi
2047 4361 2106 4396 uero
2125 4345 2297 4396 considerare·

2000 4431 2064 4476 runt.

1927 4513 1954 4553 v.
1966 4503 2057 4552 Libera
2068 4516 2108 4551 me
2119 4502 2151 4552 de
2162 4516 2214 4552 ore.

1927 4591 1954 4633 v.
1966 4581 2016 4645 Qui
2029 4580 2122 4631 timetis
2132 4580 2271 4632 dominam.

1928 4671 1955 4707 v.
1965 4658 2173 4708 adnunciabitur.

1927 4749 1954 4787 v.
1966 4736 2065 4801 Populo
2076 4737 2118 4802 qui
2130 4741 2251 4788 nascetur.

1928 4827 1971 4865 or.
1983 4815 2174 4880 Improperium.

1927 4905 1995 4944 conr.
2006 4894 2088 4951 Pater,
2101 4892 2121 4942 si
2133 4907 2184 4943 noa
2194 4900 2286 4958 potest.

1424 5051 1435 5082 ⁸
1451 5050 1505 5101 Not
1513 5050 1539 5099 in
1550 5049 1612 5100 Bod.
1621 5050 1688 5101 ΕΝ.
1709 5050 1734 5101 It
1742 5067 1829 5102 occurs
1837 5051 1862 5100 in
1871 5049 1993 5110 Codd.0;
2004 5048 2158 5114 Reg.Suer.;
2168 5047 2264 5100 Theod.
2272 5063 2293 5100 t.

1392 5131 1438 5181 but
1454 5129 1515 5180 with
1532 5144 1548 5177 a
1564 5128 1677 5178 diliereat
1693 5129 1859 5188 benediction,
1878 5128 1968 5190 ‘Deus
1987 5127 2056 5193 cujus
2073 5126 2156 5190 tilius,'
2167 5133 2226 5185 etc..
2242 5125 2297 5176 also

1392 5209 1417 5258 in
1429 5207 1522 5258 Pamel.
1533 5206 1625 5268 ‘Deus
1637 5208 1680 5272 qui
1692 5207 1829 5265 hodiema‚’
1840 5215 1888 5258 etc.

1425 5285 1502 5343 Deus,
1519 5285 1563 5352 qui
1580 5286 1734 5350 temporibus
1750 5301 1799 5336 noe
1815 5285 1903 5336 famuli
1921 5284 1958 5335 tui
1978 5299 2024 5351 per
2039 5283 2182 5348 columbam
2199 5299 2296 5333 ramum

1392 5368 1467 5419 oliuae
1483 5366 1620 5416 uirentibus
1636 5366 1702 5416 loliis
1714 5367 1739 5416 in
1756 5381 1800 5416 ore
1810 5367 1961 5417 deserentem
1978 5371 2036 5430 poet
2047 5365 2137 5414 diluuii
2152 5363 2295 5414 effusionem

1392 5461 1480 5513 pacem
1491 5445 1634 5496 hominibus
1645 5445 1767 5495 redditam
1779 5446 1892 5495 nuntiare
1904 5444 2014 5500 noluisti.
2023 5450 2048 5493 et
2057 5442 2100 5508 qui
2111 5442 2240 5506 unigenito
2251 5449 2296 5492 tao

1391 5524 1449 5575 dno.
1461 5532 1547 5575 nostro
1564 5525 1634 5575 ihesu
1652 5523 1746 5574 christo
1762 5522 1930 5588 hierosolyma
1946 5522 2087 5588 properanti
2105 5535 2195 5587 pueros
2211 5521 2295 5571 ebreo-

1392 5619 1446 5655 rum
1457 5603 1597 5670 palmarurn
1608 5602 1709 5654 obuiam
1720 5603 1855 5666 uenientes,
1869 5601 2002 5668 laudesque
2013 5601 2170 5652 concinentes
2182 5619 2196 5645 r
2209 5599 2236 5652 Z.
