5122 6610
436 597 506 666 190
782 577 977 672 &uentu

765 779 808 843 [η
822 779 997 862 fractam.

475 903 574 968 Hanc
601 902 699 986 igitur
724 904 926 970 oblationem
951 927 1051 988 quam
1074 906 1135 971 tibi
1161 908 1330 974 offerimus

429 1023 489 1085 pro
504 1003 648 1086 peccatis
663 1013 764 1086 atque
781 1005 1016 1070 offensionibus
1031 1004 1145 1070 famuli
1160 1008 1208 1071 tui
1220 1008 1277 1074 All.
1293 1019 1330 1074 ut

428 1103 584 1185 consequi
608 1114 772 1169 mereatur
794 1104 1020 1169 remissionem
1045 1105 1193 1171 omnium
1216 1128 1329 1191 pecca·

427 1209 547 1279 torum,
564 1201 762 1286 QuesumuS,
777 1205 921 1269 domine.

722 1397 785 1463 Ad
802 1398 1031 1480 complendum.

472 1521 658 1603 Sumentes,
682 1524 825 1602 domine,
849 1534 1009 1608 perpetua
1039 1535 1247 1591 sacramenta
1276 1547 1328 1590 sa·

425 1622 515 1700 lutis,
538 1632 630 1688 tuam
653 1625 867 1708 deprecamur
893 1625 1113 1702 clementiam,
1137 1637 1175 1690 ut
1200 1647 1260 1710 per
1288 1647 1328 1691 ea

425 1721 587 1787 famulum
602 1733 696 1788 tuum
713 1723 769 1789 .ill.
784 1720 911 1808 (regem
934 1735 1081 1789 nostrum
1103 1724 1328 1809 famulamque

425 1831 518 1886 tuam
549 1822 709 1910 reginam)
742 1825 785 1888 ab
815 1825 906 1888 omni
933 1825 1134 1890 aduersitate
1163 1836 1327 1910 protegas,

427 1922 512 1988 Per.t

825 2012 917 2077 Alia.

469 2134 645 2200 Famulum
657 2145 761 2212 tuum,
773 2157 961 2220 quesumus,
974 2137 1116 2215 domine,
1126 2146 1184 2201 tua
1195 2158 1326 2221 semper

423 2236 628 2317 protectione
649 2236 788 2315 custodi,
810 2245 847 2302 ut
869 2235 971 2301 libera
997 2237 1057 2302 tibi
1081 2247 1192 2301 mente
1215 2239 1324 2303 deser-

425 2334 503 2413 uiat,
522 2343 564 2410 et.
587 2344 622 2400 te
644 2346 851 2419 protegente,
869 2359 890 2402 a
913 2336 1008 2401 malis
1032 2337 1185 2402 omnibus
1207 2339 1250 2401 sit
1272 2359 1324 2402 se·

424 2453 528 2499 curus.
574 2436 659 2501 Pera

741 2634 820 2700 lltm
841 2653 893 2718 pru
913 2637 1013 2700 amite.

465 2767 606 2847 Adesto,
636 2769 778 2848 domine,
808 2769 1103 2853 supplicationibus
1134 2773 1262 2847 nostris,
1291 2781 1325 2837 et

421 2868 507 2932 hanc
522 2868 635 2933 famuli
651 2869 699 2935 tui
714 2869 917 2935 oblationem
933 2870 1095 2953 benignus
1113 2891 1264 2948 assume;
1287 2881 1324 2937 ut

422 2968 477 3050 qui
489 2968 649 3033 auxilium
660 2979 727 3033 tuae
744 2969 962 3035 miserationis
974 2970 1139 3054 implorat,
1153 2980 1187 3034 et
1203 2971 1324 3035 sancti·

420 3066 582 3133 ficationis
596 3070 737 3153 gratiam
759 3070 928 3153 percipiat,
944 3079 979 3134 et
994 3091 1069 3154 quae
1085 3071 1149 3154 piae
1171 3081 1324 3155 precatur

420 3167 580 3234 obtineat.
625 3168 711 3234 Per.t

801 3255 942 3322 Secreta.

464 3377 570 3446 Grata
590 3381 651 3445 tibi
673 3381 726 3456 sit,
742 3381 885 3456 domine,
900 3380 973 3446 haec
995 3381 1121 3446 oblatio
1144 3381 1257 3446 famuli
1273 3382 1320 3446 tui

421 3480 478 3545 All.
489 3500 589 3562 quam
601 3479 661 3544 tibi
672 3480 837 3546 offerimus
850 3481 883 3545 in
894 3480 1054 3546 honorem
1064 3480 1153 3547 beati
1166 3481 1321 3564 martyris

419 3581 466 3643 tui
480 3581 537 3645 .ill.
576 3578 765 3663 Quesumus
776 3591 812 3645 ut
824 3581 933 3646 eidem
946 3581 1096 3664 proficiat
1107 3582 1151 3645 ad
1167 3581 1318 3647 salutem.

419 3679 482 3744 Per
497 3681 691 3744 dominum.t

780 3767 955 3850 Proesatio.

462 3892 507 3957 U.
523 3892 566 3956 D.
588 3903 712 3958 aeteme
732 3894 823 3958 deus.
867 3891 934 3976 Qui
961 3913 997 3958 es
1023 3893 1182 3956 iustorum
1206 3890 1319 3974 gloria,

419 4001 452 4055 et
491 3992 711 4058 misericordia
750 4002 970 4076 peccatorum.
1025 3991 1187 4056 Pietatem
1225 4001 1318 4055 tuam

417 4091 534 4156 humili
555 4112 653 4175 prece
675 4093 891 4176 deposcimus,
906 4101 944 4157 ut
966 4090 1126 4157 famulum
1146 4100 1240 4155 tuum
1262 4091 1318 4157 All.

416 4191 580 4273 benignus
609 4192 772 4275 respicias,
807 4201 842 4256 et
870 4191 1004 4276 pietatis
1034 4201 1101 4255 tuae
1133 4190 1318 4255 custodiam

418 4291 601 4374 impendas,
626 4291 676 4357 Ut
698 4312 743 4356 ex
765 4300 839 4356 toto
863 4291 964 4356 corde
986 4298 1087 4355 etex
1110 4298 1181 4353 tota
1207 4299 1319 4355 mente

417 4391 584 4456 deseruiat
611 4391 681 4470 tibi,
711 4401 746 4456 et
775 4392 836 4456 sub
867 4401 925 4456 tua
955 4409 1086 4472 semper
1114 4389 1319 4472 protectione

418 4490 595 4570 consistat3
627 4491 678 4556 Ut
700 4492 834 4573 quando
856 4491 886 4554 ei
909 4501 1061 4554 extrema
1087 4489 1159 4552 dies
1181 4489 1317 4563 uenerit,

1607 587 1677 682 &u
1693 602 1812 683 pruau
1827 593 2054 669 tantominus.

1389 795 1525 866 nostras,
1542 810 1624 872 quas
1643 791 1675 854 in
1691 801 1869 877 conspectu
1890 794 2024 878 pietatis
2039 763 2107 863 tuae
2121 799 2289 866 effundere

1387 889 1616 969 presumimus,
1631 890 1823 974 suppliciter
1836 892 2051 976 deprecantes
2070 907 2107 961 ut
2128 897 2287 964 famulum

1385 995 1480 1050 tuum
1496 987 1552 1052 .ill.
1569 989 1602 1052 in
1625 999 1683 1054 tua
1705 991 1927 1058 misericordia
1949 994 2172 1061 confidentem
2186 998 2287 1064 bene·

1386 1086 1485 1162 dicas,
1498 1097 1532 1152 et
1547 1089 1659 1155 omnia
1671 1089 1741 1154 eius
1753 1089 1918 1180 eorum(b)
1930 1091 2117 1180 peccata(a)
2128 1096 2285 1174 dimittas,

1386 1194 1510 1268 tuaque
1519 1185 1681 1275 eum(eos)
1689 1191 1894 1272 protectione
1903 1213 2072 1270 conserua,
2082 1204 2120 1259 ut
2130 1194 2286 1284 possi(n)t

1385 1285 1445 1349 tibi
1469 1284 1628 1373 dignus(i)
1649 1288 1727 1365 fieri,
1744 1299 1778 1356 et
1799 1292 1842 1356 ad
1865 1302 2024 1359 aetemam
2046 1295 2285 1362 beatitudinem

1384 1383 1547 1473 ualea(n)t
1562 1387 1743 1469 peruenire.
1789 1390 1862 1456 Per.

1762 1551 1905 1618 Secreta.

1429 1671 2080 1761 Suscipe,clementissimepater,hostias
2090 1681 2285 1764 placationis

1384 1781 1418 1836 et
1439 1773 1557 1849 laudis,
1581 1794 1664 1856 quas
1693 1797 1756 1859 ego
1786 1777 1992 1866 peccator(b)
2016 1791 2051 1846 et
2080 1781 2285 1869 indignus(a)

1383 1882 1459 1936 tuus
1484 1873 1627 1938 samulus
1649 1875 1710 1941 tibi
1736 1876 1853 1942 offerre
1875 1899 2030 1961 presumo
2054 1882 2098 1945 ad
2124 1881 2284 1948 honorem

1383 1981 1417 2037 et
1432 1972 1571 2056 gloriam
1595 1975 1737 2040 nominis
1759 1976 1816 2055 tui,
1836 1997 1897 2060 pro
1919 1977 2147 2046 incolumitate
2169 1979 2283 2046 famuli

1383 2071 1430 2135 tui
1452 2072 1509 2136 .2'Il.
1532 2081 1569 2138 ut
1595 2074 1743 2139 omnium
1772 2075 1968 2142 delictorum
1994 2098 2126 2144 suorum
2152 2081 2283 2146 ueniam

1383 2172 1537 2254 consequi
1554 2183 1726 2238 mereatur.
1772 2176 1843 2240 Per.

1676 2336 1739 2401 Ad
1756 2338 1985 2423 complendum.

1426 2461 1489 2537 Da,
1505 2482 1693 2545 quesumus,
1708 2463 1852 2542 domine,
1868 2464 1992 2530 famulo
2011 2476 2070 2531 tuo
2086 2467 2143 2532 .ill.
2168 2471 2282 2534 remis-

1381 2561 1508 2625 sionem
1531 2561 1679 2627 omnium
1700 2574 1931 2646 peccatorum
1954 2575 1988 2630 et
2011 2575 2141 2649 praesta,
2165 2579 2202 2633 ut
2224 2581 2282 2634 tuo

1381 2681 1514 2744 semper
1528 2681 1662 2726 munere
1676 2663 1886 2746 gubernetur,
1901 2674 1935 2729 et
1949 2665 1993 2730 ad
2015 2666 2137 2749 gaudia
2159 2679 2282 2734 aeteme

1382 2761 1626 2844 redemptionis,
1655 2772 1690 2827 te
1722 2763 1873 2841 ducente,
1904 2766 2075 2848 peruenire
2111 2779 2281 2833 mereatur.

1381 2860 1454 2924 Per.

1780 2950 1875 3015 Alia.

1424 3063 1604 3143 Conserua,
1626 3086 1815 3150 quesumus,
1837 3067 1981 3144 domine,
2004 3068 2164 3134 famulum
2186 3079 2280 3134 tuum

1381 3165 1438 3229 .ill.
1455 3175 1490 3230 et
1512 3177 1569 3230 tuo
1592 3166 1717 3230 nomini
1736 3165 1788 3232 iac
1810 3169 1979 3242 deuotum,
2001 3178 2038 3234 ut
2060 3170 2181 3234 diuinis
2203 3172 2281 3235 sub·

1380 3265 1483 3330 iectus
1508 3265 1630 3346 officiis,
1654 3275 1688 3331 et
1710 3268 1907 3350 temporalia
1930 3268 2075 3348 uiriliter,
2098 3279 2132 3334 et
2156 3279 2282 3335 aeterna

1379 3366 1467 3429 dona
1482 3365 1650 3449 percipiat.
1697 3360 1804 3455 [Per].

1476 3587 1589 3662 ffltuaa
1608 3606 1659 3671 pru
1681 3607 1712 3654 ru
1734 3589 1783 3670 qul
1803 3606 1861 3654 sua
1881 3595 1994 3672 precata
2016 3591 2174 3655 mutuus.

1422 3722 1644 3806 Omnipotens
1663 3725 1862 3806 sempiterne
1880 3725 1971 3800 deus,
1990 3723 2114 3790 famulo
2138 3736 2197 3791 tuo
2222 3723 2278 3790 .ill.

1377 3822 1438 3887 tibi
1457 3823 1627 3888 confitenti
1645 3843 1706 3906 pro
1723 3832 1781 3889 tua
1801 3825 1926 3906 pietate
1943 3834 2082 3909 peccata
2102 3824 2224 3900 relaxa,
2241 3834 2279 3889 ut

1377 3942 1444 3986 non
1459 3922 1533 4006 plus
1549 3923 1578 3986 ei
1594 3931 1712 3988 noceat
1724 3924 1933 3989 conscientiae
1948 3934 2058 3989 reatus
2073 3925 2117 3988 ad
2132 3944 2276 4007 poenam,

1376 4042 1476 4105 quam
1492 4022 1698 4107 indulgentia
1712 4032 1779 4087 tuae
1794 4023 1927 4107 pietatis
1942 4025 1986 4088 ad
2002 4023 2144 4088 ueniam.
2190 4023 2261 4088 Per.

1755 4183 1895 4250 Secreta.

1420 4309 1556 4386 Praesta,
1578 4331 1764 4393 quesumus,
1788 4310 1998 4393 omnipotens
2028 4320 2062 4374 et
2092 4311 2275 4376 misericors

1375 4409 1466 4487 deus,
1491 4419 1528 4474 ut
1556 4409 1629 4474 haec
1657 4409 1809 4475 salutaris
1835 4409 1960 4474 oblatio
1986 4409 2148 4474 famulum
2181 4420 2274 4475 tuum

1376 4508 1433 4573 ull.
1449 4518 1483 4574 et
1498 4510 1637 4593 propriis
1652 4509 1795 4575 reatibus
1818 4510 2041 4575 indesinenter
2055 4512 2224 4594 expediat,
2239 4522 2274 4576 et

418 4590 611 4654 meatem
633 4599 821 4655 samium
844 4589 1013 4673 pereipiat,
1031 4608 1106 4653 cum
1128 4587 1248 4670 quibu-⁰³
1270 4589 1318 4652 5¹¹·
1372 4609 1415 4672 ab
1431 4610 1585 4675 omnibus
1600 4620 1730 4675 tueatur
1744 4610 1903 4675 aduersis.
1950 4610 2013 4674 Per
2027 4610 2208 4675 dominum.

417 4689 632 4753 enarrabilem
662 4688 802 4772 gloriam
832 4689 903 4753 sine
936 4688 1002 4752 fine
1031 4686 1211 4771 possideat.
1257 4687 1319 4752 Per

417 4787 584 4852 christum.

711 4873 773 4938 Ad
789 4873 1017 4955 complendum.

1732 4771 1909 4856 Praesatio.

1415 4896 1459 4963 U.
1475 4898 1519 4963 D.
1541 4907 1665 4963 aeteme
1691 4897 1782 4964 deus.
1835 4897 2047 4964 Maiestatem
2074 4907 2167 4964 tuam
2194 4921 2272 4984 sup·

460 5001 579 5080 Huius,
596 5002 740 5078 domine,
758 5020 945 5084 quesumus,
969 5001 1089 5064 uirtute
1112 5000 1261 5081 mysterii
1283 5008 1317 5064 et
1370 4997 1498 5082 pliciter
1523 4999 1739 5080 deprecantes
1768 5007 1805 5063 ut
1834 4997 1993 5062 famulum
2024 5008 2119 5064 tuum
2146 4999 2202 5064 ill.
2229 5001 2273 5064 ab

416 5101 556 5184 propriis
586 5102 783 5167 mundemur
807 5099 954 5178 occultis,
977 5109 1012 5164 et
1034 5097 1195 5162 famulum
1222 5108 1315 5164 tuum
1369 5098 1522 5163 omnibus
1544 5097 1688 5181 peccatis
1711 5096 1892 5163 clementer
1913 5098 2041 5182 eripias,
2057 5109 2091 5164 et
2109 5120 2129 5162 a
2146 5100 2273 5164 cunctis

417 5199 473 5264 all.
490 5201 533 5264 ab
547 5200 700 5266 omnibus
714 5200 850 5265 absolue
864 5198 1018 5283 peccatis.
1064 5199 1151 5263 Per.t

684 5463 764 5528 llum
784 5481 836 5546 pru
858 5465 949 5529 auita
969 5465 1049 5530 uiuo.

459 5607 605 5690 Exaudi,
631 5631 819 5694 quesumus,
845 5611 1058 5696 omnipotens
1087 5611 1178 5689 deus,
1202 5629 1317 5693 preces

1369 5207 1524 5280 protegas
1539 5197 1701 5280 benignus
1717 5198 1865 5264 inimicis.
1911 5198 1973 5262 Per
1987 5197 2146 5264 christum
2162 5199 2270 5262 domi-

1370 5316 1449 5361 num
1465 5305 1624 5361 nostrum.

1664 5383 1726 5447 Ad
1743 5383 1971 5466 complendum.

1414 5508 1637 5592 Omnipotens
1668 5518 1702 5573 et
1726 5508 1910 5574 misericors
1936 5510 2026 5588 deus,
2053 5510 2109 5593 qui
2136 5530 2272 5575 omnem

1371 5609 1517 5673 animam
1547 5609 1753 5692 penitentem
1778 5618 1812 5675 et
1839 5609 2053 5674 confitentem
2084 5610 2190 5695 magis
2221 5611 2273 5676 uis
