5124 6608
447 557 1170 653 m,mbmfflfflm

443 785 561 847 spuere
576 783 651 846 quae
671 761 747 827 huic
766 759 898 826 inimica
913 767 990 824 sunt
1012 758 1146 838 nomini,
1162 766 1196 823 et
1217 779 1347 842 eaquae

443 874 521 929 sunt
535 872 615 947 apta
630 861 759 928 sectari.
804 861 891 925 Pers

829 1034 969 1101 Secreta.

490 1164 554 1229 His
576 1162 681 1242 nobis,
705 1161 848 1237 domine,
872 1159 1037 1244 mysteriis
1059 1159 1254 1236 conseratur,
1281 1179 1348 1242 quo

444 1276 575 1330 terrena
608 1261 770 1327 desideria
808 1260 1009 1345 mitigantes,
1039 1260 1204 1325 discamus
1237 1279 1349 1323 amare

445 1365 600 1430 caelestia.
647 1363 710 1427 Per
724 1362 896 1427 dominum
913 1370 1086 1426 nostrum.r

805 1536 980 1621 Proefatio.

491 1665 535 1732 U.
552 1665 596 1730 D.
619 1685 678 1747 per
701 1663 860 1730 christum
881 1663 1054 1727 dominum
1077 1668 1236 1726 nostrum.
1282 1659 1349 1744 Qui

447 1767 489 1831 de
525 1765 652 1850 uirgine
683 1765 774 1830 nasci
810 1763 974 1846 dignatus,
1005 1782 1065 1845 per
1093 1761 1282 1843 passionem
1315 1770 1349 1825 et

447 1873 588 1932 mortem
604 1886 625 1930 a
640 1874 799 1949 perpetua
815 1873 921 1928 morte
937 1883 996 1926 nos
1013 1861 1175 1940 liberauit,
1191 1871 1225 1927 et
1244 1881 1348 1924 resur·

447 1971 592 2038 rectione
607 1991 667 2035 sua
682 1968 778 2034 nobis
793 1969 898 2033 uitam
913 1967 1063 2032 contulit.
1110 1967 1172 2031 Per
1187 1986 1287 2050 quem
1296 1963 1318 2028 ¹.

749 2125 811 2189 Ad
820 2123 1048 2207 complendum.

493 2247 1351 2333 Sacramentaquaesumpsimus,quesumus,domine,

449 2361 483 2416 et
509 2350 712 2433 spiritalibus
741 2369 802 2414 nos
827 2349 991 2414 instruant
1015 2348 1190 2424 alimentis,
1217 2357 1252 2412 et
1281 2367 1353 2411 cor-

449 2450 616 2535 poralibus
631 2458 785 2516 tueantur
800 2449 943 2514 auxiliis.
988 2446 1076 2514 Per.t

784 2618 847 2682 Ad
850 2617 1015 2700 populum.

493 2735 569 2810 Tibi
592 2744 758 2828 placitam,
780 2745 862 2809 deus
884 2753 1004 2822 noster,
1020 2743 1145 2826 populo
1166 2750 1224 2807 tuo
1245 2742 1353 2807 tribue

449 2845 665 2924 uoluntatem,
684 2845 761 2928 quia
779 2855 858 2910 tunc
881 2844 927 2908 illi
950 2864 1107 2929 prospera
1129 2854 1249 2909 cuncta
1271 2863 1352 2927 prae-

449 2946 562 3026 stabis,
577 2965 653 3011 cum
669 2947 735 3010 tuis
750 2953 867 3028 aptum
882 2944 997 3010 leceris
1012 2943 1182 3009 institutis.
1228 2942 1291 3007 Per
1300 2942 1323 3006 ².

602 3186 759 3252 bantinus
775 3186 817 3250 tit.
837 3189 906 3268 pust
927 3189 1047 3250 udsuss
1068 3183 1208 3267 μακών.

495 3336 595 3415 Deus,
610 3335 668 3419 qui
688 3333 836 3400 fidelium
853 3343 982 3399 mentes
1000 3333 1097 3397 unius
1119 3332 1220 3397 efficis
1235 3332 1352 3398 uolun-

450 3437 549 3512 tatis;
571 3437 615 3500 da
630 3435 760 3519 populis
780 3435 845 3500 tuis
860 3435 894 3498 id
915 3453 1028 3497 amare
1047 3433 1136 3516 quod
1153 3432 1302 3516 precipis,
1317 3432 1353 3497 id

450 3537 635 3602 desiderare
665 3534 756 3618 quod
782 3533 958 3618 promittis,
988 3542 1026 3597 ut
1054 3533 1141 3597 inter
1170 3533 1354 3597 mundanas

452 3640 629 3704 uarietates
644 3638 688 3701 ibi
705 3648 818 3703 nostra
829 3636 899 3702 fixa
914 3639 980 3702 sint
992 3636 1101 3712 corda,
1115 3635 1170 3702 ubi
1188 3657 1265 3701 uera
1277 3645 1353 3701 sunt

452 3737 583 3824 gaudia.
630 3737 717 3801 Pers

834 3882 974 3949 Secreta.

497 4009 600 4082 Deus,
627 4009 683 4093 qui
709 4028 770 4073 nos
795 4029 854 4092 per
868 4007 964 4073 huius
991 4009 1140 4075 sacrificii
1167 4011 1354 4076 ueneranda

453 4107 658 4186 commercia,
685 4109 780 4172 unius
809 4129 939 4192 summe
968 4109 1151 4175 diuinitatis
1180 4112 1355 4194 participes

454 4209 609 4288 effecisti;
632 4217 762 4291 praesta,
784 4228 972 4291 quesumus,
995 4219 1033 4273 ut
1055 4210 1139 4276 sicut
1162 4220 1255 4276 tuam
1278 4232 1355 4295 cog·

455 4307 619 4374 noscimus
641 4307 824 4382 ueritatem,
840 4308 887 4374 sic
909 4329 984 4374 earn
1005 4309 1115 4393 dignis
1137 4310 1284 4377 moribus
1303 4332 1355 4378 as-

454 4420 652 4492 sequamur?

815 4495 988 4579 Proefatio.

499 4618 544 4684 U.
571 4619 613 4682 D.
641 4628 764 4684 aeterne
794 4620 884 4686 deus.
941 4620 987 4684 Et
1017 4621 1065 4685 tui
1100 4621 1354 4687 misericordiam

457 4719 600 4783 muneris
625 4719 801 4802 postulare,
826 4730 864 4784 ut
889 4729 1040 4804 tempora
1062 4720 1181 4804 quibus
1206 4730 1285 4804 post
1306 4743 1355 4786 re·

455 4819 690 4884 surrectionem
701 4839 795 4883 suam
807 4818 960 4884 dominus
976 4828 1087 4884 noster
1097 4818 1206 4884 ihesus
1217 4820 1357 4886 christus

457 4939 532 4982 cum
558 4917 724 5002 discipulis
749 4917 962 5002 corporaliter
989 4918 1162 4998 habitauit,
1192 4919 1256 4995 Sic,
1284 4921 1356 5005 ipso

490 5129 499 5158 ¹
517 5129 549 5181 0.
560 5146 585 5196 p.
599 5129 656 5193 316.
667 5131 694 5180 Z.

491 5209 501 5238 ¹
517 5219 543 5259 Α.
555 5207 662 5259 Cantste
673 5208 785 5260 domiuo.

859 5130 869 5160 ¹
885 5129 942 5182 Gel.
954 5147 981 5197 p.
992 5131 1055 5196 5843
1072 5148 1119 5183 om.
1131 5131 1158 5182 Z.

992 5221 1059 5260 con.
1073 5209 1141 5260 Dum
1153 5211 1256 5262 uenerit.

519 5297 556 5336 ss.
566 5285 680 5336 Sslnabit
692 5286 740 5337 sibi
752 5285 861 5338 dextera.

518 5373 561 5413 nt..
576 5364 700 5415 Dominus
721 5364 792 5432 regit,
814 5364 881 5416 exul·

590 5447 649 5494 tent.

993 5288 1045 5351 (ss.
1058 5287 1140 5338 Omne
1151 5288 1244 5339 dutum.

992 5377 1035 5415 nn.
1048 5365 1189 5432 Oportebit.

990 5443 1354 5497 assurrexitdominnsuester.

520 5529 562 5568 nt.
575 5518 605 5568 ln
616 5519 657 5570 die
668 5520 860 5573 resurrectionis.
991 5533 1036 5572 ιν.
1048 5521 1122 5575 Vado
1133 5522 1166 5572 ed
1177 5526 1253 5587 enm).

520 5606 563 5648 or.
576 5595 682 5648 Inbilate
691 5596 746 5656 deo,
760 5599 881 5649 uniuersa.

1577 553 1679 628 don.
1707 553 1749 626 lb·
1769 563 1841 646 post
1865 551 1945 628 det.
1970 553 2122 646 warte.

1401 753 1594 838 opitulante,
1616 753 1672 838 pia
1692 751 1870 819 deuotione
1888 760 2076 832 tractemus,
2096 751 2252 835 quatinus
2273 751 2307 814 in

1401 853 1453 919 his
1483 853 1633 919 omnium
1662 852 1816 918 uitiorum
1843 853 1995 918 sordibus
2020 872 2199 918 careamus.
2244 853 2308 918 Per
2372 925 2375 931 ,

1401 974 1502 1039 quem
1513 953 1535 1016 ¹.

1703 1038 1764 1104 Ad
1774 1037 2004 1121 complendum.

1445 1165 1588 1243 Adest0,
1620 1185 1808 1248 quesumus,
1838 1163 1973 1230 domine
2005 1165 2087 1229 deus
2121 1175 2241 1240 noster,
2272 1173 2309 1229 ut

1401 1285 1461 1348 per
1476 1264 1548 1328 haec
1564 1283 1639 1347 quae
1663 1263 1806 1329 fideliter
1826 1264 2027 1349 sumpsimus
2046 1274 2080 1330 et
2095 1284 2273 1348 purgemur
2288 1285 2309 1328 a

1401 1368 1498 1447 uitiis,
1527 1376 1561 1431 et
1590 1387 1611 1432 a
1641 1368 1794 1452 periculis
1818 1369 1973 1433 omnibus
2003 1389 2166 1434 exuamur
2176 1368 2199 1430 ².
2247 1369 2308 1434 Per

1401 1473 1599 1538 dominum.t

1717 1559 1824 1642 Super
1828 1558 1993 1641 populum.

1446 1684 1589 1764 Exaudi,
1605 1684 1748 1759 domine,
1765 1704 1952 1768 quesumus,
1969 1703 2083 1768 preces
2098 1694 2246 1764 nostras;
2270 1693 2308 1748 ut

1401 1786 1491 1869 quod
1521 1785 1570 1850 tui
1601 1785 1694 1849 uerbi
1728 1782 1988 1849 sanctificatione
2017 1786 2215 1867 promissum
2245 1794 2307 1861 est,

1403 1885 1595 1968 coangelico
1604 1884 1726 1967 ubique
1738 1884 1943 1967 compleatur
1952 1883 2307 1968 effectu,etplenitudo

1402 1985 1591 2069 adoptionis
1620 1979 1797 2069 (obtineat)
1826 1985 1916 2068 quod
1943 1983 2089 2068 predixit
2118 1983 2308 2049 testificatio

1403 2084 1561 2150 ueritatis.
1607 2084 1669 2149 Per
1682 2084 1855 2148 dominum
1871 2093 2020 2149 nostrum
2029 2082 2052 2148 ³.

1547 2376 1704 2441 mamistra
1720 2375 1774 2440 titi.
1793 2380 1861 2457 pust
1882 2379 2004 2441 uastas
2024 2375 2135 2459 pascha
2144 2379 2164 2440 ⁴.

1449 2526 1549 2606 Deus,
1571 2547 1592 2591 a
1621 2548 1688 2612 quo
1713 2526 1801 2592 bona
1827 2536 1946 2591 cuncta
1968 2529 2162 2611 procedunt,
2189 2527 2307 2611 largire

1405 2626 1614 2710 supplicibus,
1630 2637 1667 2693 ut
1682 2629 1873 2710 cogitemus,
1885 2638 1919 2693 te
1931 2627 2119 2712 inspirante,
2132 2649 2207 2712 quae
2219 2639 2309 2696 recta

1405 2735 1490 2806 sunt,
1506 2735 1549 2806 et,
1564 2737 1598 2794 te
1613 2728 1829 2813 gubernante,
1845 2728 1963 2792 eadem
1978 2727 2161 2794 faciamuss

1740 2900 1848 2984 Super
1859 2901 1975 2968 oblata.

1450 3027 1745 3113 Suscipedomine,
1757 3026 1905 3092 fidelium
1914 3049 2037 3113 preces,
2046 3049 2123 3095 curn
2133 3029 2307 3096 oblationi·

1405 3130 1467 3195 bus
1486 3128 1678 3204 hostiarum,
1694 3137 1732 3193 ut
1751 3148 1811 3211 per
1829 3127 1901 3193 lraec
1916 3131 1971 3213 pie
1992 3129 2180 3196 deuotionis
2202 3129 2308 3195 officia

1404 3235 1447 3298 ad
1463 3232 1630 3299 caelestem
1645 3230 1785 3317 gloriam
1799 3241 2015 3299 transeamus.
2061 3234 2147 3300 Per.t

1771 3407 1945 3490 Proesatio.

1449 3532 1491 3599 U.
1508 3533 1552 3597 D.
1569 3544 1692 3599 aeteme
1714 3533 1805 3600 deus.
1851 3535 1897 3599 Et
1920 3534 2127 3600 maiestatem
2149 3544 2241 3600 tuam
2259 3535 2308 3598 in·

1405 3633 1542 3699 defessis
1553 3633 1705 3718 precibus
1721 3653 1869 3710 exorare,
1882 3642 1919 3699 ut
1932 3644 2060 3700 mentes
2074 3643 2202 3699 nostras
2213 3635 2309 3699 bonis

1405 3735 1559 3817 operibus
1578 3753 1709 3816 semper
1730 3733 1896 3808 informes,
1912 3732 2002 3817 Quia
2018 3735 2065 3799 sic
2086 3734 2206 3798 erimus
2225 3755 2310 3817 prae·

1406 3833 1484 3899 clari
1502 3834 1645 3898 muneris
1668 3842 1823 3917 prompta
1844 3833 2032 3900 sinceritate
2054 3833 2205 3912 cultores,
2220 3823 2246 3897 si
2264 3833 2307 3898 ad

1407 3932 1543 3998 meliora
1567 3932 1687 4017 iugiter
1708 3942 1915 3998 transeuntes
1937 3931 2093 4018 paschale
2116 3934 2308 4016 mysterium

1407 4036 1599 4099 studeamus
1613 4032 1736 4097 habere
1752 4041 1957 4118 perpetuum.
2003 4033 2066 4097 Per
2080 4032 2238 4098 christum
2247 4032 2270 4096 ⁶.

1708 4207 1770 4272 Ad
1779 4207 2005 4292 complendum.

1450 4338 1575 4422 Tribue
1598 4337 1703 4418 nobis,
1717 4338 1860 4415 domine,
1879 4339 2022 4404 caelestis
2043 4359 2155 4422 mense
2178 4339 2309 4405 uirtutis

1407 4438 1608 4517 societatem,
1639 4447 1673 4504 et
1701 4438 1889 4504 desiderare
1918 4459 1994 4522 quae
2031 4447 2121 4502 recta
2157 4449 2243 4521 sunt,
2274 4449 2309 4505 et

1408 4537 1594 4604 desiderata
1609 4537 1787 4622 percipere.
1833 4538 1895 4604 Per
1909 4538 2104 4604 dominum.t

1742 4714 1970 4798 Adpopulum.

1452 4840 1553 4922 Deus,
1564 4842 1620 4925 qui
1637 4840 1868 4906 misericordiae
1883 4841 2014 4905 ianuam
2027 4840 2181 4906 fidelibus
2196 4852 2309 4924 patere

1439 5052 1632 5117 ¹V.p.317.Z.
1739 5049 1917 5104 'ernamurV.
2018 5017 2342 5119 'Gel.p.585;om.z.·

2014 5130 2124 5182 alleluia.

1942 5209 1995 5272 (sn.
2007 5208 2094 5260 Estote
2106 5209 2212 5260 faetores
2222 5211 2300 5262 umbi.

1943 5299 1986 5336 nl.
1998 5287 2065 5351 Quin
2075 5288 2167 5352 posuit.

1942 5377 1986 5416 nl„
1999 5364 2087 5416 Gauisi
2098 5373 2164 5415 sunt.
2276 5425 2279 5430 Ι

1942 5454 1986 5493 sv.
2015 5444 2106 5502 Amen,
2137 5459 2218 5504 amen,
2251 5443 2309 5496 dico

2012 5521 2104 5587 uobis).

1439 5130 1449 5161 ⁴
1465 5143 1492 5182 n.
1506 5131 1601 5182 Uocem
1612 5131 1784 5184 iocunditatis.

1467 5221 1503 5259 ss,
1517 5209 1624 5259 lnbilate
1635 5210 1693 5260 deo.

1466 5299 1511 5336 n1..
1523 5286 1632 5336 Inbilate
1643 5287 1700 5337 deo.

1468 5377 1511 5417 nr..
1522 5365 1632 5416 Surrexit
1642 5365 1785 5418 altissimus.

1467 5453 1510 5494 οῖ.
1522 5442 1672 5503 Benedicite,
1684 5449 1779 5510 gentes.

1467 5531 1536 5571 con.
1569 5520 1676 5573 Cantate
1720 5522 1831 5582 domino,

1441 5598 1643 5665 'mebz
1714 5651 1716 5656 ,
