5116 6608
463 596 534 686 298

461 811 523 872 ficis
537 811 637 884 oratio,
653 809 736 872 cuius
755 811 829 872 festa
849 812 1029 874 celebrantes
1049 813 1188 874 melliflua
1202 825 1251 890 tue
1264 814 1364 893 gratiae

460 907 572 984 repleat
585 905 719 967 dulcedo.
763 905 819 966 Per
833 907 995 968 dominum.

848 1063 969 1124 Secreta.

501 1184 632 1263 Suscipe,
653 1201 822 1264 quesumus,
842 1184 971 1257 domine,
985 1183 1040 1260 hec
1062 1185 1197 1246 salutaria
1216 1185 1363 1258 libamina,

460 1299 517 1357 que
549 1281 601 1339 tibi
635 1281 728 1341 sancti
763 1279 940 1340 confessoris
968 1281 1009 1340 tui
1043 1299 1166 1342 usuum
1194 1281 1364 1340 intercessio

459 1375 565 1436 efficiat
578 1374 740 1453 placabilia.
782 1374 846 1434 Per.

840 1531 980 1610 Presalr'o.

501 1609 648 1698 [Erased].

796 1696 1025 1757 postcommunio.

503 1815 633 1893 Sumpta,
649 1833 816 1893 quesumus,
836 1816 1025 1894 omnipotens
1047 1815 1128 1887 deus,
1146 1814 1241 1875 uitalis
1262 1833 1364 1890 mense

460 1919 641 1991 sacramenta
657 1912 715 1970 sint
728 1911 814 1970 nobis
832 1929 884 1989 per
902 1909 1022 1969 almiflui
1036 1909 1212 1970 confessoris
1230 1911 1270 1969 tui
1290 1928 1364 1970 urta·

459 2025 521 2066 nrrr
532 2004 669 2081 suffragia
680 2022 768 2082 super
776 2004 834 2063 mel
845 2015 874 2065 et
885 2004 984 2065 iauum
999 2006 1029 2064 in
1040 2004 1249 2082 sempiternum
1261 2003 1365 2064 dulcia.

459 2100 516 2160 Per
529 2101 692 2162 dominum.

559 2331 602 2396 lln
619 2331 814 2396 translatione
827 2336 932 2396 sancta
945 2330 1092 2413 milbtctbt
1106 2327 1233 2411 manicis
1241 2333 1261 2398 ¹.

858 2463 967 2524 Oratio.

500 2584 591 2659 Deus,
613 2593 728 2645 amator
741 2584 885 2657 castitatis,
900 2602 990 2664 quem
1011 2594 1072 2645 tota
1094 2584 1252 2645 deuotione
1273 2587 1362 2646 beata

460 2682 544 2758 uirgo
564 2698 738 2740 uunnnrrm
759 2678 858 2738 dilexit
878 2680 909 2739 in
930 2678 1021 2751 terris,
1036 2679 1177 2751 concede,
1192 2698 1361 2758 quesumus,

460 2786 493 2836 ut
514 2776 577 2835 eius
597 2774 704 2834 sanctis
724 2774 971 2834 intercedentibus
993 2774 1112 2846 meritis,
1127 2783 1156 2833 te
1177 2790 1294 2851 semper
1313 2776 1361 2835 hic

459 2881 489 2931 et
511 2871 541 2930 in
566 2887 654 2947 quum
678 2886 841 2929 mereamur
864 2867 971 2929 habere
998 2869 1165 2946 propitium
1208 2867 1269 2940 Qui
1293 2887 1362 2929 cum

459 2969 526 3031 deo.

851 3045 970 3108 Secreto.

500 3167 652 3229 Placabilis
679 3177 767 3245 atque
798 3167 984 3245 acceptabilis
1012 3167 1061 3226 liat
1088 3165 1149 3240 tibi,
1174 3165 1362 3244 omnipotens

460 3264 540 3336 deus,
555 3263 611 3339 bec
627 3262 722 3322 hostia
736 3281 825 3341 quarn
845 3262 897 3322 tibi
918 3260 1026 3323 familia
1045 3272 1097 3320 tua
1116 3270 1262 3338 gratanter
1276 3260 1362 3321 offert

459 3359 489 3418 in
511 3359 596 3419 laude
616 3376 798 3437 urunrmrrp
818 3357 949 3434 uirginis,
964 3374 1022 3434 que
1037 3357 1097 3417 suis
1112 3356 1201 3417 sacris
1221 3355 1329 3415 meritis
1344 3375 1362 3415 a

460 3452 572 3514 cunctis
585 3470 641 3513 nos
655 3452 796 3512 emundet
809 3451 893 3511 uitiis.
937 3450 1001 3510 Per.

830 3609 994 3688 Preptant.

500 3731 537 3792 V.
550 3732 588 3793 D.
602 3742 631 3793 et
645 3731 767 3793 salutare
781 3753 788 3792 :
810 3742 891 3792 tuam
904 3729 1152 3811 magnificentiam
1167 3722 1305 3811 [erased].

795 3905 1023 3964 Poslcommunio.

502 4024 609 4086 Sancta
629 4025 774 4102 mysteria,
795 4042 859 4096 nos,
874 4041 1043 4102 quesumus,
1063 4021 1192 4094 domine,
1213 4031 1243 4081 et
1263 4039 1361 4082 sacra·

461 4121 571 4194 tissime
594 4119 716 4197 uirginis
743 4135 925 4200 uranssrnp
952 4118 1121 4178 intercessio
1149 4116 1316 4177 ueneranda
1343 4135 1361 4176 a

461 4215 572 4274 cunctis
597 4212 756 4275 defendant
778 4214 922 4290 periculis,
946 4221 975 4272 et
999 4213 1037 4273 ad
1057 4211 1180 4289 gloriam
1200 4211 1361 4288 perducant

461 4309 638 4387 sempiterne
651 4307 802 4368 felicitatis.
844 4307 909 4369 Per.

611 4526 661 4590 bt
681 4530 784 4590 sancto
803 4526 952 4590 consono
974 4521 1212 4606 archiepiscopo&

861 4656 966 4718 orato.

500 4784 591 4859 Deus,
614 4783 665 4862 qui
686 4783 828 4844 hodierna
850 4781 897 4842 die
919 4783 1038 4843 beatum
1061 4801 1241 4845 nunsrnnuu
1270 4783 1362 4844 archi·

460 4880 605 4959 presulem
619 4897 655 4939 ac
669 4877 868 4939 consessorem
883 4887 965 4937 tuum
979 4879 1009 4937 in
1025 4897 1150 4955 regnum
1172 4890 1271 4954 eterne
1292 4880 1361 4938 bea·

461 4978 589 5039 titudinis
600 4977 716 5038 uoluisti
731 4993 885 5048 assumere,
898 4976 1029 5037 concede
1042 4976 1151 5052 familie
1162 4987 1211 5052 tue
1220 4987 1260 5051 ut,
1271 4979 1362 5055 ipsius

461 5073 664 5134 adiuuantibus
696 5069 815 5142 meritis,
843 5079 1014 5130 sanctorum
1048 5081 1165 5131 tuorum
1199 5089 1362 5132 mereamur

461 5168 581 5228 adunari
596 5166 760 5228 consortiis.
802 5164 865 5225 Per.

850 5309 968 5371 Secreta.

503 5431 635 5511 Suscipe,
663 5449 831 5511 quesumus,
859 5431 987 5503 domine,
1017 5447 1140 5490 munera
1174 5429 1362 5510 supplicantis

494 5577 504 5608 ι
672 5587 675 5596 .

493 5656 505 5687 ¹
520 5580 577 5709 {gli
588 5581 654 5725 3ῗί
681 5658 707 5708 Α
717 5655 830 5709 differem
842 5654 913 5707 liless
924 5655 1031 5723 isgiven
1043 5655 1068 5706 in
1079 5655 1106 5719 Z,
1119 5671 1144 5722 p.
1159 5656 1213 5722 285.

1151 600 1380 678 modo.
1407 600 1517 688 βιῶ.
1542 601 1632 678 altr.

1417 801 1534 880 familie,
1548 823 1607 882 que
1626 805 1677 866 tibi
1699 804 1731 865 in
1753 804 1908 866 sestiuitate
1928 807 2052 884 presulis
2072 806 2142 868 almi
2163 807 2321 872 deserimus

1417 915 1581 972 bunarium
1602 909 1635 958 ut
1648 900 1710 960 eius
1732 901 1894 978 patrocinia
1907 902 2078 963 uenerando
2099 903 2189 964 adiuti
2204 904 2321 964 defendi

1417 1009 1579 1052 mereamur
1599 994 1638 1053 ab
1658 995 1792 1055 omnium
1816 996 2002 1056 inimicomm
2024 996 2148 1058 insidiis.
2189 997 2245 1059 Per
2265 997 2319 1060 do·

1417 1087 1530 1146 minum
1539 1087 1558 1146 ¹.

1783 1169 1945 1247 Prephott'o.

1457 1288 1494 1347 V.
1505 1288 1542 1349 D.
1558 1300 1666 1351 aeteme
1684 1289 1767 1352 deus.
1808 1291 1869 1365 Qui
1887 1303 2021 1353 sanctum
2041 1294 2242 1356 consessorem
2256 1316 2321 1374 pre-

1417 1383 1567 1462 sulemque
1578 1395 1660 1444 tuum
1672 1403 1855 1447 ounsrinuu
1865 1406 1919 1466 pro
1935 1397 1983 1448 tue
1994 1391 2155 1449 reuerentia
2165 1392 2321 1452 maiestatis

1417 1477 1569 1539 doctorem
1601 1479 1764 1556 piissimum
1797 1479 1973 1541 condonasti
2000 1483 2118 1561 populis
2147 1485 2320 1562 angligenis.

1417 1570 1515 1632 Tuam
1533 1573 1618 1651 igitur
1632 1573 1762 1634 diuinam
1776 1576 1926 1653 poscimus
1941 1575 2127 1637 clementiam
2142 1575 2282 1662 [erased].

1751 1747 1984 1808 Pottcomotsnr'o.

1457 1863 1635 1938 Quesumus,
1666 1865 1794 1938 domine,
1824 1866 1924 1926 diuino
1958 1869 2075 1929 saturati
2102 1869 2249 1942 libamine,
2278 1880 2320 1944 ut,

1417 1970 1519 2021 sancto
1539 1960 1707 2020 confessore
1722 1971 1772 2020 tuo
1787 1979 1941 2021 nunsrirto
1955 1963 2162 2038 intercedente,
2176 1967 2319 2042 presentis

1417 2055 1503 2114 nobis
1523 2055 1591 2114 uitae
1612 2054 1780 2134 presidium,
1793 2065 1823 2115 et
1842 2065 1941 2131 ctemq
1962 2057 2071 2117 tribuas
2090 2059 2235 2136 repperire
2256 2060 2319 2135 lcti-

1416 2151 1496 2210 tiam.
1537 2148 1601 2210 Per.

1452 2369 1618 2450 bicipitis
1637 2370 1815 2436 instititutis
1836 2371 1936 2528 εεπῖἰῒξ
1953 2371 2107 2452 angustini
2127 2373 2281 2454 anpbtnnt

1790 2471 1893 2546 aposta
1936 2512 1946 2531 .

1814 2607 1921 2670 Orad'o.
1938 2641 1940 2648 s

1454 2728 1595 2790 Concede
1610 2728 1704 2802 nobis,
1720 2746 1888 2806 quesumus,
1910 2730 2098 2810 omnipotens
2119 2730 2200 2805 deus,
2213 2740 2317 2792 uentu-

1413 2843 1476 2884 ram
1504 2825 1581 2883 beati
1609 2841 1767 2884 nucusrrnr
1789 2824 1966 2885 confessoris
1990 2826 2032 2884 tui
2060 2836 2145 2904 atque
2170 2827 2317 2903 pontificis

1414 2918 1627 2979 solemnitatem
1646 2935 1779 2994 congruo
1797 2919 1950 2995 preuenire
1963 2918 2086 2992 bonore,
2101 2932 2130 2980 et
2149 2921 2316 2982 uenientem

1413 3013 1504 3090 digna
1518 3013 1664 3072 celebrare
1678 3011 1845 3073 deuotione.
1889 3013 1952 3074 Per.

1712 3153 1714 3158 ’
1805 3155 1928 3218 Secreta.

1455 3275 1636 3337 Sacrandum
1651 3275 1711 3348 tibi,
1726 3275 1854 3351 domine,
1869 3295 1977 3338 munus
1998 3277 2148 3340 offerimus
2163 3297 2222 3358 quo
2236 3279 2315 3340 beati

1413 3389 1570 3432 auousrmr
1595 3370 1728 3430 antistitis
1749 3371 1882 3432 solennia
1901 3374 2099 3450 preoenimus,
2120 3375 2202 3434 cuius
2224 3376 2316 3454 preci-

1413 3466 1469 3527 bus
1481 3467 1683 3527 remissionem
1696 3475 1885 3546 peccatomm
1898 3467 2098 3546 imploramus.
2139 3468 2204 3529 Per.

1749 3626 1979 3686 postcommun.

1454 3744 1632 3820 Quesumus,
1649 3744 1777 3817 domine,
1799 3745 1971 3806 salutaribus
1992 3745 2095 3824 repleti
2118 3747 2315 3820 sacramentis,

1413 3849 1446 3899 ut
1472 3840 1551 3900 beati
1585 3857 1743 3902 sucusrntr
1772 3838 1948 3900 confessoris
1975 3841 2017 3900 tni
2045 3849 2132 3919 atque
2160 3841 2315 3918 pontificis,

1413 3935 1495 3996 cuius
1530 3935 1663 3997 solennia
1695 3935 1893 4012 preuenimus,
1920 3936 2099 3996 orationibus
2133 3936 2313 3996 adiuuemur.

1413 4031 1478 4091 Per.

1797 4221 1839 4288 tn
1858 4224 1932 4289 bb'.

1454 4359 1523 4420 Ant.
1545 4359 1735 4420 Gaudeamus
1749 4377 1862 4420 omnes.

1454 4454 1546 4526 Deus,
1559 4455 1609 4532 qui
1623 4472 1680 4513 uos
1694 4454 1861 4514 ueneranda
1881 4454 2042 4514 lestiuitatis
2063 4453 2205 4528 hodierne
2218 4453 2313 4514 solen·

1415 4550 1464 4610 nia
1477 4551 1508 4609 in
1522 4549 1634 4609 honore
1648 4549 1724 4608 beati
1747 4568 1904 4610 incusum
1924 4549 2079 4626 anglorum
2101 4549 2227 4626 apostoli
2241 4550 2315 4609 cele-

1414 4645 1499 4704 brare
1525 4642 1633 4716 iecisti3
1665 4643 1796 4703 concede
1824 4644 1968 4723 propitius
1999 4645 2062 4704 eius
2090 4660 2146 4703 nos
2181 4643 2260 4721 apud
2288 4655 2316 4704 te

1414 4739 1577 4818 patrocinio
1599 4755 1714 4815 semper
1735 4738 1873 4811 adiuuari,
1892 4739 1974 4799 cuius
1997 4747 2098 4798 sancta
2118 4737 2315 4814 predicatione

1414 4833 1608 4912 cognouimus
1640 4843 1789 4892 auctorem
1818 4833 1917 4894 salutis
1944 4844 2051 4907 eterne,
2078 4831 2235 4892 dominum
2262 4851 2315 4893 no-

1414 4939 1513 4988 strum.

1804 5007 1926 5069 Secreto.

1455 5128 1492 5189 In
1518 5128 1575 5188 hac
1602 5127 1767 5207 triumphali
1794 5129 1889 5190 sancti
1917 5128 2008 5207 patris
2036 5127 2127 5189 nostri
2156 5146 2314 5214 sucusrnu

1414 5227 1597 5299 solennitate,
1612 5226 1688 5286 hanc
1703 5225 1839 5299 hostiam,
1848 5225 2058 5304 benignissime
2073 5222 2202 5296 domine,
2211 5241 2315 5286 serena

1415 5321 1568 5382 clementia
1581 5322 1706 5398 suscipe,
1717 5340 1775 5400 quc
1788 5321 1828 5380 illi
1841 5321 1974 5399 proficiat
1987 5319 2026 5381 ad
2040 5319 2172 5398 gloriam,
2184 5326 2214 5377 et
2228 5321 2314 5384 nobis

1413 5417 1507 5495 prosit
1520 5416 1558 5475 ad
1572 5416 1698 5476 ueniam.
1740 5415 1804 5475 Per.

1478 5576 1488 5606 ²
1505 5575 1576 5627 With
1587 5575 1673 5627 verbal
1683 5574 1820 5626 subdens
1831 5575 1856 5624 in
1867 5573 1893 5626 S.

1783 5651 1794 5681 ⁸
1811 5652 1866 5704 Fol.
1877 5668 1909 5720 9²
1918 5654 1944 5707 b.

2087 5575 2248 5644 'Foipsa
