5116 6608
914 610 991 696 fiir
1016 610 1096 687 nrt
1120 609 1220 685 trent
1244 611 1278 685 nl
1298 610 1427 702 nrm.

289 831 361 900 filla
373 832 469 899 missa
482 837 517 898 tn
530 838 634 899 sanna
648 833 781 898 trinitate
794 834 947 900 trintum
960 835 1062 901 nictus
1071 839 1092 901 ¹.

280 977 480 1054 Omnipotens
494 976 670 1053 sempiterne
686 975 767 1046 deus,
784 977 860 1036 trina
880 977 1023 1050 maiestas,
1039 988 1067 1036 et
1082 996 1140 1037 una

236 1071 338 1142 deitas,
353 1071 402 1148 qui
417 1071 448 1129 in
469 1071 594 1129 trinitate
615 1088 779 1146 permanes,
794 1079 823 1129 et
842 1071 872 1129 in
893 1071 1001 1130 unitate
1023 1089 1140 1150 semper

236 1165 381 1237 consistis,
395 1174 500 1242 presta,
515 1182 683 1242 quesumus,
699 1173 732 1223 ut
752 1165 801 1242 qui
823 1175 1011 1241 peccatomm
1025 1177 1140 1226 nostro-

235 1277 302 1318 rum
316 1259 447 1337 pondere
461 1277 669 1336 pregrauamur
679 1258 803 1318 celerem
814 1258 1024 1336 indulgentiam
1035 1278 1140 1320 conse·

238 1353 290 1430 qui
303 1371 476 1414 mereamur.
518 1352 581 1412 Per.

631 1520 750 1582 Secreta.

279 1646 452 1708 Oblationes
473 1655 596 1718 nostras,
620 1664 788 1723 quesumus,
814 1646 943 1718 domine,
968 1646 1140 1724 propitiatus

235 1741 364 1808 intende,
385 1759 458 1818 quas
480 1741 643 1799 inhonore
667 1749 767 1800 sancte
795 1740 928 1798 trinitatis
953 1741 1067 1799 nomini
1089 1753 1140 1801 tuo

237 1834 451 1894 consecrandas
480 1832 647 1905 deferimus,
669 1842 701 1892 ut
722 1833 852 1893 maculas
878 1844 1067 1910 peccatorum
1089 1853 1141 1895 no·

236 1939 361 1989 strorum
383 1946 457 2006 quas
482 1927 672 2005 neglegenter
693 1927 877 2005 digessimus,
899 1939 928 1987 te
957 1929 1140 2006 propitiante,

240 2021 335 2083 delere
349 2041 521 2082 mereamur.
565 2021 628 2082 Per.

621 2197 762 2274 Presatr'o.

280 2314 318 2374 U.
330 2315 368 2376 D.
382 2326 490 2377 aeteme
505 2317 585 2377 deus.
630 2315 721 2378 Cuius
736 2327 780 2376 est
801 2335 859 2376 una
881 2317 1026 2389 diuinitas,
1042 2329 1141 2394 eterna

239 2422 396 2488 magestas,
411 2422 440 2471 et
454 2412 653 2490 inseparabilis
673 2422 783 2483 natura,
800 2413 874 2470 trina
894 2430 1029 2490 persona,
1049 2424 1078 2473 et
1097 2417 1141 2472 in-

240 2504 359 2564 diuidua
380 2507 548 2566 substantia.
590 2506 627 2564 In
641 2524 700 2583 qua
714 2507 847 2566 consistit
867 2507 963 2565 futura
983 2509 1043 2567 uita
1056 2508 1141 2567 beata

241 2610 271 2658 et
293 2600 487 2676 sempitema;
523 2601 554 2659 in
577 2619 637 2679 qua
663 2611 742 2660 certa
770 2603 918 2672 securiter,
941 2619 1042 2662 secura
1065 2611 1141 2661 tran-

241 2693 374 2770 quillitas,
386 2694 541 2772 tranquilla
555 2694 729 2764 iocunditas,
744 2695 873 2754 iocunda
886 2695 1016 2769 felicitas,
1026 2715 1142 2756 summa

240 2788 383 2858 maiestas,
406 2787 474 2848 felix
503 2789 649 2859 eternitas,
672 2799 773 2848 eterna
793 2788 923 2861 felicitas,
945 2807 1060 2848 summa
1080 2809 1143 2849 ma-

241 2881 334 2952 iestas,
349 2893 378 2941 et
391 2881 568 2942 indefectiua
586 2895 726 2960 potestas.
758 2882 805 2942 Ex
819 2902 878 2961 qua
892 2883 989 2944 nullus
1003 2896 1143 2961 peccator

241 2975 402 3048 assumitur,
431 2987 460 3035 et
487 2977 590 3036 beatus
618 2977 719 3036 eicitur
746 2977 853 3036 nullus.
909 2975 992 3038 Deus
1020 2979 1086 3055 pius
1114 2990 1142 3039 et

241 3088 336 3140 uerus,
356 3070 429 3130 deus
450 3081 479 3130 et
495 3071 598 3130 beatus
622 3081 651 3130 et
671 3071 770 3143 iustus,
786 3089 875 3149 quern
896 3090 988 3131 unum
1009 3073 1142 3132 substan·

241 3164 342 3223 tialiter
364 3164 547 3236 confitemur,
576 3165 684 3224 trinum
705 3165 896 3242 personaliter
925 3167 1141 3243 cognoscimus,

242 3268 362 3334 patrem,
384 3269 414 3317 et
434 3257 534 3330 filium,
556 3269 586 3317 et
602 3259 733 3335 spiritum
755 3269 897 3319 sanctum.
940 3259 1042 3320 Deitas
1063 3262 1142 3320 enim

242 3351 284 3411 sic
292 3352 394 3428 recipit
405 3353 565 3412 substantie
579 3351 720 3413 unitatem
734 3363 766 3412 ut
780 3353 997 3414 distinctionem
1010 3357 1142 3431 personis

243 3462 304 3504 non
312 3445 421 3522 perdat
444 3445 547 3505 Unitas
557 3446 689 3524 tripplerr,
699 3446 853 3506 inconfusa
861 3448 1037 3521 coniunctio,
1047 3450 1143 3509 unitas

242 3538 391 3610 inefabilis,
409 3539 521 3600 trinitas
548 3540 757 3617 inseparabilis,
780 3540 916 3617 perfecta,
935 3542 1142 3602 inenerrabilis.

243 3631 313 3692 Non
326 3643 384 3692 tres
398 3643 497 3692 tamen
517 3633 555 3692 dii
577 3645 655 3693 sunt.
697 3633 779 3694 Deus
793 3653 879 3695 uerus
893 3654 970 3696 unus
983 3645 1036 3706 est,
1052 3637 1143 3696 fidelis

242 3737 271 3785 et
292 3727 382 3799 fortis,
398 3728 498 3787 omnia
518 3729 626 3806 ubique
644 3729 808 3800 continens,
823 3729 889 3800 alta,
904 3730 971 3802 ima,
986 3741 1015 3791 et
1036 3731 1142 3802 media,

243 3821 367 3894 celestia,
382 3822 532 3882 terrestria.
574 3821 612 3882 Et
625 3822 702 3895 ideo,
716 3834 772 3882 etc.

577 3993 809 4053 Porlcomnrum'o.

276 4109 431 4188 Perceptis,
441 4110 568 4184 dontine,
578 4112 775 4184 sacramentis,
783 4130 839 4172 nos
848 4131 909 4172 non
919 4112 1034 4174 deserat
1042 4114 1144 4191 pietas,

243 4206 311 4283 quia
324 4206 354 4266 in
368 4205 553 4266 confessione
575 4217 675 4267 sancte
690 4207 823 4267 trinitatis
841 4225 898 4268 nos
919 4209 1064 4269 credimus
1079 4227 1144 4270 esse

244 4299 409 4360 saluandos
452 4299 515 4360 Per.

301 4543 415 4619 fflissa
428 4546 459 4610 tn
471 4546 639 4610 mammam
653 4546 816 4611 saluatoris
828 4547 937 4612 numini
951 4549 1046 4613 nostri
1055 4554 1076 4613 ¹.

284 4689 383 4752 Corda
396 4701 505 4765 nostra,
519 4710 688 4769 quesumus,
704 4704 822 4755 sanctus
836 4694 975 4772 splendor
988 4707 1037 4756 tue
1051 4697 1144 4756 incar·

244 4786 378 4859 nationis,
395 4787 560 4860 natiuitatis,
578 4787 732 4866 passionis,
751 4790 977 4861 resurrectionis,
997 4791 1144 4851 ascensio·

244 4879 297 4952 nis,
318 4891 347 4940 et
365 4880 507 4940 aduentus
529 4881 645 4958 spiritus
665 4883 757 4942 sancti
778 4901 833 4943 nos
855 4884 990 4943 clementi
1012 4894 1144 4962 respectu

243 4973 371 5048 illustret,
386 4992 445 5052 quo
460 4975 562 5034 mundi
583 4975 668 5036 huius
686 4976 813 5036 tenebris
831 4995 929 5037 carere
943 4978 1101 5051 ualeamus,
1116 4989 1145 5040 et

173 5129 180 5138 ,
243 5067 298 5144 ipsi
308 5067 441 5140 ducente,
450 5069 655 5146 peruenismus
669 5069 707 5130 ad
721 5071 845 5148 patriam
856 5071 990 5134 claritatis
1004 5082 1143 5133 eternam.

245 5161 308 5221 Per.

636 5256 755 5318 Secreta.
852 5305 855 5312 ,

285 5375 322 5434 ln
341 5377 487 5437 mentibus
507 5377 622 5448 nostris,
644 5395 812 5454 quesumus,
834 5378 961 5454 domine,
986 5397 1055 5440 uere
1077 5380 1143 5440 fidei

247 5479 426 5530 sacramenta
452 5471 602 5544 confirma,
627 5481 659 5531 ut
683 5472 733 5550 qui
761 5482 939 5549 conceptum
967 5473 1005 5533 de
1031 5474 1143 5552 uirgine

374 5665 382 5699 ¹
399 5665 466 5731 Pege
477 5664 519 5731 67.
850 5666 860 5697 ¹
877 5667 945 5733 Page
957 5681 1011 5734 129.

2023 637 2095 712 273

1193 809 1282 870 deum
1309 820 1339 871 et
1366 810 1517 870 hominem
1545 811 1665 872 firmiter
1687 813 1869 885 confitemur,
1892 831 1944 892 per
1965 813 2096 875 eiusdem

1192 903 1335 964 salutifere
1356 905 1572 978 incarnationis,
1593 906 1758 976 natiuitatis,
1780 908 1933 984 passionis,
1953 926 2096 968 resurrec-

1192 998 1289 1069 tionis,
1314 999 1504 1072 ascensionis,
1525 1011 1554 1060 et
1575 999 1717 1060 aduentus
1738 1001 1830 1060 sancti
1854 1002 1972 1080 spiritus
1993 1013 2096 1079 poten·

1191 1092 1271 1162 tiam,
1287 1092 1325 1151 ad
1339 1101 1470 1152 eternam
1484 1111 1648 1154 mereamur
1661 1095 1813 1171 peruenire
1827 1096 1955 1157 letitiam.
1998 1097 2061 1156 Per.

1527 1262 1760 1323 Postcommum'o.

1234 1379 1342 1450 Prema,
1357 1399 1526 1458 quesumus,
1546 1382 1735 1458 omnipotens
1755 1391 1846 1460 pater,
1861 1393 1893 1442 ut
1913 1383 1964 1462 qui
1983 1383 2034 1443 filii
2055 1386 2096 1444 tui

1193 1472 1304 1532 domini
1332 1476 1424 1534 nostri
1449 1475 1533 1536 ihesu
1561 1475 1658 1535 christi
1686 1477 1902 1550 incarnationis,
1931 1479 2097 1550 natiuitatis,

1192 1568 1348 1643 passionis,
1359 1567 1610 1647 (resurrectionis),
1620 1570 1810 1642 ascensionis,
1820 1579 1848 1629 et
1859 1571 2002 1631 aduentus
2016 1571 2098 1650 spiri·

1193 1670 1240 1719 tus
1254 1662 1347 1720 sancti
1360 1662 1534 1722 memoriam
1549 1663 1647 1722 debita
1660 1664 1857 1724 uenerationis
1867 1664 1951 1724 laude
1964 1665 2096 1737 colimus,

1193 1754 1249 1831 ipsi
1263 1773 1316 1832 per
1330 1756 1461 1816 eiusdem
1476 1756 1593 1834 spiritus
1608 1758 1701 1816 sancti
1722 1757 1845 1834 gratiam
1860 1777 1877 1817 a
1891 1769 1985 1834 morte
2000 1760 2097 1819 anime

1193 1867 1386 1927 resurgamus
1401 1861 1430 1910 et
1451 1850 1481 1908 in
1502 1860 1551 1909 tua
1573 1869 1689 1928 semper
1703 1851 1932 1912 sanctificatione
1953 1854 2096 1912 uiuamus.

1194 1942 1256 2001 Per.

1323 2121 1436 2197 missa
1451 2123 1597 2187 rrttbiana
1609 2126 1644 2188 tr
1659 2129 1760 2189 rranrtu
1770 2123 1934 2200 scultinna
1943 2127 1963 2188 ¹.

1234 2265 1339 2327 Statuit
1352 2269 1379 2328 ei
1398 2268 1536 2328 dominus
1557 2279 1766 2330 testamentum
1787 2273 1877 2348 pacis,
1892 2281 1921 2330 et
1935 2269 2098 2348 principem

1192 2360 1260 2419 fecit
1274 2379 1350 2432 eum,
1362 2371 1394 2420 ut
1408 2362 1445 2422 sit
1458 2363 1498 2420 illi
1513 2363 1673 2423 sacerdotis
1688 2363 1813 2442 dignitas
1829 2365 1860 2423 in
1874 2374 2015 2424 eternum.

1232 2455 1314 2514 Psal.
1337 2454 1554 2517 Misericordias
1568 2457 1687 2518 domiui.

1580 2627 1708 2689 collecta.

1234 2743 1326 2817 Deus,
1340 2747 1389 2824 qui
1404 2746 1502 2808 multis
1516 2748 1669 2808 ostendisti
1684 2747 1863 2808 mirabilibus
1885 2759 2018 2808 sanctum
2040 2749 2098 2809 sui·

1193 2834 1307 2898 bunum
1332 2842 1503 2918 pontificem
1525 2843 1577 2902 tibi
1602 2861 1668 2917 esse
1696 2843 1866 2919 pretiosum,
1892 2827 1994 2919 ipsius¹
2011 2843 2097 2904 nobis

1194 2945 1291 3009 presta
1313 2935 1459 3012 suffragia,
1482 2946 1512 2996 et
1534 2937 1665 2996 concede
1686 2948 1800 2996 utnon
1821 2937 1860 2995 ad
1881 2954 1973 3014 penas
1992 2936 2097 2997 inferni

1195 3029 1247 3088 sed
1261 3028 1299 3088 ad
1313 3047 1454 3090 coronam
1468 3031 1641 3108 deputemur
1654 3031 1802 3104 celestem,
1817 3032 1867 3109 qui
1881 3030 1967 3090 huius
1981 3033 2097 3109 patroni

1194 3140 1250 3182 nos
1265 3125 1473 3184 committimus
1487 3125 1663 3202 patrociniis.
1707 3124 1770 3185 Per.

1482 3295 1578 3356 Lectio
1592 3293 1665 3355 lr'brr'
1673 3297 1813 3374 sapientie.

1236 3413 1314 3475 Ecce
1328 3417 1467 3477 sacerdos
1480 3417 1679 3494 magnus-in
1693 3417 1784 3477 odore
1799 3415 1956 3478 suauitatis.

1238 3509 1329 3570 Grad.
1352 3509 1462 3570 lurauit
1476 3511 1621 3582 dominus,
1636 3521 1666 3570 et
1680 3529 1741 3570 non
1756 3510 1897 3589 penitebit
1911 3530 1988 3584 eum,
2000 3509 2049 3570 Tu
2064 3530 2096 3572 es

1195 3603 1331 3663 sacerdos
1346 3605 1377 3663 in
1390 3615 1523 3665 eternum
1537 3605 1699 3664 secundum
1714 3604 1848 3664 ordinem
1862 3605 2086 3666 melchisedech.

1244 3697 1275 3755 V.
1296 3696 1377 3757 Dixit
1397 3697 1544 3771 dominus,
1569 3699 1706 3759 dominus
1727 3699 1848 3758 domino
1870 3716 1947 3771 meo,
1963 3698 2039 3759 Sede
2059 3699 2097 3760 ad

1196 3790 1303 3850 dextris
1320 3793 1401 3852 meis.

1236 3886 1368 3946 Alleluia.
1410 3887 1529 3947 Amauit
1552 3906 1621 3947 eum
1648 3886 1795 3958 dominus,
1822 3899 1852 3948 et
1878 3888 1992 3948 ornauit
2019 3905 2096 3960 eum,

1196 3980 1302 4040 stolam
1315 3980 1407 4058 glorie
1423 3980 1517 4042 induit
1531 3999 1608 4040 eum.

1489 4149 1645 4210 Secundum
1659 4151 1805 4212 matheum.

1236 4269 1273 4329 In
1290 4270 1353 4330 illis.
1368 4269 1450 4330 Dixit
1467 4269 1562 4330 ihesus
1579 4270 1728 4348 discipulis
1742 4273 1803 4332 suis
1817 4272 1987 4348 parabolam
2000 4271 2096 4332 hanc:

1196 4363 1299 4424 Homo
1313 4365 1432 4441 quidam
1447 4382 1569 4442 peregre
1585 4409 1591 4422 .
1606 4409 1613 4422 .
1631 4409 1638 4424 .
1653 4365 1793 4442 gaudium
1808 4365 1918 4425 domini
1932 4367 1981 4424 tui.
2046 4417 2050 4424 .

1239 4457 1426 4536 offertorium.
1450 4459 1554 4518 Inueni
1569 4458 1656 4518 dauid
1670 4477 1787 4518 semum
1798 4477 1904 4532 meum,
1916 4459 1982 4519 oleo
1993 4470 2096 4520 sancto

1195 4571 1263 4612 meo
1277 4553 1366 4611 uncxi
1380 4571 1456 4625 eum,
1471 4569 1575 4612 manus
1596 4553 1675 4611 enim
1696 4570 1763 4612 mea
1783 4553 1973 4625 auxiliabitur,
1988 4564 2018 4614 et
2031 4555 2096 4613 bra-

1195 4645 1294 4706 chium
1307 4664 1407 4706 meum
1421 4645 1597 4707 confortabit
1611 4663 1688 4706 eum.

1625 4819 1746 4881 Secreta.

1238 4941 1332 5020 Super
1352 4941 1429 5002 hanc
1449 4940 1587 5012 hostiam,
1601 4959 1769 5019 quesumus,
1783 4940 1912 5014 domine,
1926 4942 1958 5000 in
1976 4951 2026 5001 tua
2044 4941 2097 5000 dc·

1196 5036 1318 5096 scendat
1334 5034 1509 5109 benedictio,
1524 5053 1639 5113 nosque
1656 5053 1675 5094 a
1695 5035 1823 5112 peccatis
1842 5035 1982 5095 emundet
2002 5035 2095 5095 sancti

1196 5125 1353 5189 suuilihuui
1366 5129 1501 5189 antistitis
1513 5128 1696 5198 interuentio,
1705 5138 1735 5187 et
1749 5129 1856 5189 cotidie
1870 5146 2001 5188 crescere
2012 5127 2096 5187 adiu-

1195 5233 1253 5296 uet,
1264 5232 1294 5283 et
1307 5224 1338 5282 in
1351 5232 1402 5283 tuo
1416 5233 1520 5283 sancto
1534 5223 1661 5282 seruitio.
1703 5220 1766 5282 Per.

1574 5392 1717 5470 Presatrb.

1235 5509 1273 5571 V.
1284 5511 1322 5572 D.
1338 5523 1446 5572 aeteme
1467 5511 1548 5572 deus.
1594 5511 1634 5571 Et
1654 5509 1852 5585 misericordie
1873 5521 1922 5585 tue
1943 5511 2098 5572 medicinae

1555 5667 1565 5697 ¹
1583 5667 1651 5734 Paga
1665 5677 1720 5731 137.

1728 5757 1754 5808 N
1772 5760 1796 5808 n
