5116 6608
903 565 1047 652 missal
1066 568 1097 640 ot
1113 564 1491 659 muratorianam.

262 772 391 833 ueritatis
405 789 458 832 sua
473 768 589 830 uestiuit
604 767 740 828 claritate.
784 767 843 840 Qui
858 767 940 827 cuius
960 766 1080 828 calicem
1102 785 1168 843 pas·

265 867 356 926 sionis
370 883 424 942 pro
436 863 519 924 titulo
531 863 725 922 confessionis
739 861 857 920 bibebat
873 861 901 918 in
914 861 1074 933 tormentis,
1088 879 1167 920 nunc

264 959 397 1021 eiusdem
411 958 552 1037 perhenni
569 957 709 1018 societate
724 955 832 1016 exultat
846 956 877 1013 in
891 954 979 1015 caelis.
1004 952 1060 1014 Per
1070 972 1167 1032 quem.

407 1145 527 1212 stila
541 1145 601 1210 lut.
615 1163 675 1226 asp.
697 1143 733 1210 Ξ.
747 1145 847 1223 magni
860 1145 998 1225 mattptis
1006 1146 1026 1206 ¹.

304 1256 341 1317 U.
357 1255 395 1316 D.
409 1267 516 1317 aeteme
531 1255 612 1315 deus.
655 1254 716 1327 Qui
735 1255 821 1314 beato
836 1255 951 1330 martyri
966 1264 1017 1312 tuo
1031 1253 1166 1313 uirtutem

264 1354 294 1410 in
308 1351 493 1410 consessione
508 1350 651 1426 pugnanti
665 1359 694 1406 et
708 1348 832 1425 gloriam
846 1349 876 1405 in
891 1349 1027 1426 passione
1040 1348 1166 1407 uincenti

264 1445 416 1505 contulisti.
460 1443 520 1516 Qui
540 1461 689 1504 summum
717 1441 787 1500 illud
816 1443 957 1520 unigeniti
987 1443 1026 1500 tui
1056 1460 1168 1500 nomen

263 1557 362 1598 coram
378 1538 494 1616 regibus
508 1548 537 1597 et
551 1537 744 1615 potestatibus
761 1535 847 1595 huius
866 1536 963 1595 saeculi
982 1554 1056 1595 uoce
1077 1537 1168 1595 libera

264 1643 435 1710 protestans,
457 1633 625 1709 praetiosum
648 1632 699 1689 tibi
720 1631 893 1706 sanguinem
915 1630 1045 1706 gloriosa
1073 1643 1166 1689 morte

264 1728 384 1787 suderat.
427 1725 481 1787 Per
496 1727 634 1786 christum
649 1725 801 1784 dominum
817 1735 958 1784 nostrum.

293 1919 406 1983 Urbim
419 1919 463 1980 hit
479 1915 588 2002 [=1li.
604 1915 663 1980 ital.
681 1913 766 1997 arpi.
808 1915 886 1980 Nat.
900 1933 926 1980 a.
943 1915 1138 1998 spmpbatiani

622 2011 789 2090 martgrta'.

303 2117 340 2176 U.
351 2117 388 2176 D.
404 2129 511 2176 aeteme
526 2116 608 2176 deus.
636 2115 675 2175 Et
686 2117 805 2194 gloriosi
821 2114 1021 2193 symphoriani
1033 2116 1165 2192 martyris

263 2213 311 2288 pia
333 2213 490 2270 certamina
510 2210 681 2271 uenerando
703 2210 857 2278 celebrare,
879 2209 961 2269 cuius
986 2208 1166 2268 honorabilis

263 2323 362 2365 annua
378 2306 543 2365 recursione
565 2305 774 2382 sollempnitas,
789 2314 817 2364 et
838 2315 978 2380 perpetua
1000 2321 1117 2379 semper
1137 2312 1166 2361 et

264 2417 342 2458 noua
363 2410 415 2469 est,
430 2399 498 2476 quia
520 2400 549 2457 in
570 2409 731 2476 conspectu
753 2413 802 2458 tua
827 2397 985 2456 maiestatis
1014 2406 1166 2474 permanet

263 2513 342 2553 mors
356 2505 471 2553 tuorum
482 2493 619 2570 praetiosa
634 2505 809 2562 sanctorum,
821 2503 850 2550 et
864 2501 1059 2550 restaurantur
1073 2492 1165 2551 incre-

263 2601 362 2647 menta
376 2588 488 2660 laetitiae,
501 2605 569 2647 cum
583 2586 717 2646 felicitate
728 2596 844 2646 aetemae
860 2585 1025 2644 recoluntur
1036 2587 1164 2646 exordia.

263 2681 317 2741 Per
332 2681 478 2742 christum.

353 2863 612 2946 Utilitatum.
640 2863 717 2929 Nat.
733 2880 759 2928 a.
776 2864 896 2926 antuini
915 2863 1037 2944 episcopi
1045 2866 1066 2925 ³.

301 2973 339 3034 U.
355 2974 390 3033 D.
409 2985 515 3034 aeteme
530 2974 610 3033 deus.
652 2970 691 3031 Et
709 2981 788 3030 tuam
803 2972 1046 3047 omnipotentiam
1069 2973 1162 3031 inces-

259 3069 384 3128 sabiliter
398 3068 565 3146 praedicare,
580 3069 801 3144 inmensamque
817 3067 957 3142 unigeniti
973 3068 1012 3124 tui
1028 3067 1160 3125 maiesta-

260 3175 318 3221 tem
332 3163 388 3239 piis
402 3162 525 3222 uocibus
540 3160 724 3221 conlaudare.
767 3159 826 3232 Qui
845 3159 997 3218 ecclesiam
1019 3170 1099 3218 tuam
1121 3161 1160 3218 ita

259 3257 395 3316 bonitatis
405 3267 462 3316 tuae
473 3256 673 3316 moderamine
683 3256 782 3314 fouere
794 3272 854 3312 non
867 3253 982 3324 desinis,
994 3265 1023 3312 ut
1034 3273 1158 3332 quorum

258 3352 362 3426 primu,
376 3363 404 3411 te
419 3349 602 3427 prouidente,
617 3349 764 3408 informari
782 3349 886 3406 meruit
900 3347 1043 3424 exemplo,
1056 3367 1158 3407 eorum

258 3445 344 3503 etiam
369 3455 511 3523 perpetuo
532 3455 676 3503 mereatur
698 3442 823 3501 delendi.
867 3442 1017 3520 Siquidem
1038 3445 1157 3502 sanctis-

257 3539 345 3597 simus
368 3537 520 3598 consessor
547 3538 709 3615 pariterque
734 3536 872 3596 sacerdos
900 3547 967 3595 tuus
995 3537 1156 3604 audoenus,

257 3650 331 3692 unus
349 3633 454 3692 horum
473 3650 598 3691 munero
613 3643 642 3690 et
662 3633 765 3690 merito
781 3631 964 3708 praefulgens,
981 3645 1156 3707 cooperante

256 3728 344 3803 gratia
366 3728 482 3804 spiritus
503 3726 604 3796 sancti,
620 3726 697 3801 plebi
719 3736 776 3784 tuae
798 3727 863 3802 pius
877 3726 970 3784 extitit
984 3725 1156 3801 praedicator

255 3833 283 3879 et
303 3830 403 3881 rector.
430 3820 538 3886 ,Cuius
559 3819 704 3896 benignus
728 3820 872 3896 praecibus
895 3829 974 3878 tuam
998 3822 1155 3895 promereri

253 3915 438 3974 clementiam
452 3912 642 3982 confidentes,
657 3912 754 3972 debita
774 3913 960 3972 ueneratione
983 3913 1061 3973 hunc
1077 3915 1153 3973 diem

253 4011 388 4069 transitus
402 4011 447 4070 sui
461 4008 668 4080 caelebramus;
691 4010 721 4065 in
745 4025 804 4084 quo
819 4008 894 4066 stola
916 4009 1091 4084 sempiterne
1112 4009 1153 4067 iu-

252 4104 405 4163 cunditatis
433 4103 524 4173 indui,
545 4112 574 4160 et
596 4119 705 4161 corona
733 4101 955 4160 inmarcescibili
979 4105 1083 4161 meruit
1105 4103 1153 4162 de·

251 4200 352 4257 corari.
395 4196 433 4255 Et
449 4196 524 4255 ideo.

390 4388 459 4454 uti.
473 4388 533 4451 ital.
550 4405 610 4470 atp.
641 4387 718 4451 Nat.
738 4405 764 4452 a.
782 4389 839 4452 tufi
852 4389 989 4470 martgtia
999 4394 1020 4450 ⁴.

289 4496 325 4557 U.
342 4496 380 4556 D.
397 4507 503 4556 aeterne
517 4495 598 4556 deus.
640 4495 790 4569 Quoniam
814 4496 1074 4573 supplicationibus
1097 4516 1150 4556 no-

240 4593 313 4650 stris
333 4589 562 4650 misericordiam
576 4599 657 4648 tuam
675 4589 851 4648 confidimus
872 4589 1044 4661 adfuturam,
1062 4610 1149 4668 quam

238 4685 324 4745 beati
351 4685 405 4743 rufi
433 4685 583 4761 poscimus
615 4685 875 4744 interuentionibus
906 4697 935 4743 et
963 4685 1150 4746 confessione

242 4780 385 4856 praestari.
428 4777 484 4838 Per
497 4776 644 4837 christum.

246 4971 363 5036 Urunt
376 4973 421 5036 hit
437 4969 519 5057 [=h.
534 4971 594 5036 bal.
610 4969 696 5054 uqa}
730 4970 766 5037 Ξ.
783 4973 934 5050 augustini
949 4974 1148 5038 instimulat

290 5079 325 5139 U.
343 5079 380 5139 D.
399 5093 508 5141 aeteme
530 5080 610 5140 deus.
652 5080 712 5154 Qui
733 5081 850 5140 beatum
871 5081 1057 5158 augustinum
1078 5101 1148 5142 con·

244 5174 386 5234 sessorem
407 5186 490 5234 tuum
512 5187 541 5234 et
562 5175 690 5235 scientiae
707 5174 891 5234 documentis
909 5175 1033 5251 replesti,
1048 5187 1076 5235 et
1090 5178 1149 5236 uir·

241 5279 339 5327 tutum
355 5269 535 5329 ornamentis
549 5269 654 5328 ditasti.
687 5267 785 5341 Quem
801 5270 840 5328 ita
853 5268 1026 5328 multimodo
1042 5289 1149 5347 genere

242 5363 362 5438 pietatis
386 5363 521 5434 imbuisti,
543 5373 574 5422 ut
599 5364 662 5441 ipse
684 5363 734 5422 tibi
756 5374 784 5423 et
806 5382 855 5422 ara
876 5375 905 5422 et
926 5365 1097 5424 sacrificium
1120 5377 1148 5424 et

910 5555 919 5583 ³
937 5554 991 5606 Fol.
1003 5553 1049 5620 14⁶
1058 5572 1081 5607 a.

804 5633 814 5663 ⁸
831 5631 886 5683 Fol.
897 5645 942 5697 147
951 5633 975 5683 b.

313 5551 322 5581 ¹
339 5551 392 5606 Fol.
403 5567 480 5618 ¹45²·

419 5631 428 5660 ⁴
444 5631 499 5682 Fol.
511 5641 556 5694 147
566 5647 589 5682 a.

610 5553 620 5583 ¹
637 5554 782 5618 Fol.145b.

2056 567 2126 655 289

1222 765 1362 826 sacerdos
1386 776 1463 826 esset
1486 775 1515 825 et
1537 765 1687 844 templum.
1729 764 1785 825 Per
1809 765 1948 826 christum
1974 764 2126 826 dominum

1222 871 1362 920 nostrum

1379 1037 1455 1103 ital.
1472 1055 1532 1120 ππ.
1563 1036 1642 1102 ilat.
1658 1055 1684 1102 a.
1701 1039 1789 1120 prisci
1803 1040 1943 1121 mattptiu
1951 1042 1972 1102 ¹.

1262 1143 1299 1205 U.
1315 1145 1352 1206 D.
1368 1159 1475 1206 aeterne
1491 1147 1572 1207 deus.
1613 1146 1673 1220 Qui
1693 1147 1735 1207 sic
1750 1147 1849 1207 tribuis
1870 1147 2024 1208 ecclesiam
2045 1157 2124 1207 tuam

1221 1251 1387 1299 sanctorum
1403 1242 1683 1300 commemoratione
1706 1241 1856 1319 proficere,
1871 1251 1902 1300 ut
1922 1260 1988 1301 eam
2009 1259 2125 1319 semper

1220 1333 1334 1393 illorum
1349 1344 1377 1393 et
1392 1333 1546 1394 lestiuitate
1567 1334 1705 1406 laetifices,
1719 1345 1749 1393 et
1769 1336 1907 1413 exemplo
1930 1336 1986 1412 plae
2001 1353 2124 1394 conuer-

1220 1429 1341 1488 sationis
1365 1447 1510 1499 exerceas,
1534 1439 1673 1507 grataque
1698 1429 1749 1488 tibi
1775 1429 1987 1508 supplicatione
2010 1431 2123 1490 tuearis

1220 1522 1274 1581 Per
1289 1523 1428 1582 christum
1442 1523 1596 1582 dominum
1611 1533 1752 1583 nostrum.

1218 1701 1293 1766 itai.
1304 1707 1358 1764 ott.
1390 1700 1467 1765 Nat.
1480 1717 1524 1766 aa.
1536 1703 1658 1781 rtmigt'i,
1673 1703 1812 1781 genuani,
1825 1705 1949 1774 arbusti,
1967 1703 2121 1767 insaniat

1258 1809 1296 1869 U.
1308 1809 1346 1869 D.
1359 1821 1466 1870 aeterne
1481 1810 1561 1870 deus.
1596 1809 1655 1882 Qui
1670 1821 1835 1870 sanctorum
1851 1822 1966 1871 tuorum
1981 1815 2120 1889 germani,

1218 1906 1339 1982 remigii,
1360 1907 1481 1976 uedasti,
1503 1916 1531 1965 et
1552 1907 1676 1966 bauonis
1696 1906 1837 1966 hodierna
1857 1908 2012 1982 geminasti
2034 1908 2120 1967 nobis

1217 2001 1248 2056 in
1264 1999 1451 2060 confessione
1470 1999 1608 2058 laetitiam.
1652 1999 1712 2072 Qui
1729 2002 1834 2076 pariter
1848 2000 2014 2060 sacerdotes
2028 2019 2120 2077 aegre-

1217 2095 1255 2170 gii
1272 2093 1351 2172 quod
1373 2093 1605 2169 praedicauerunt
1619 2112 1669 2153 ore
1689 2095 1826 2170 operibus
1846 2095 2075 2171 compleuerunt,
2091 2107 2120 2154 et

1217 2199 1410 2264 peruenerunt
1433 2186 1470 2246 ad
1493 2187 1616 2264 gloriam
1640 2189 1856 2264 sempiternam.
1900 2189 1957 2248 Per
1981 2189 2119 2250 christum

1218 2283 1370 2342 dominum
1387 2295 1529 2342 nostrum.

1257 2465 1369 2528 tinum
1381 2466 1426 2526 tie
1440 2462 1559 2548 1:111.
1576 2463 1635 2528 kat.
1650 2463 1734 2548 nou]
1777 2465 1814 2532 S.
1827 2467 1899 2530 iusti
1911 2467 2078 2547 mattptis³.

1257 2571 1293 2630 U.
1310 2570 1347 2630 D.
1364 2582 1469 2632 aeterne
1487 2573 1569 2632 deus.
1611 2572 1693 2632 Beati
1712 2575 1780 2634 iusti
1802 2575 1940 2651 martyrio
1960 2574 2118 2651 gloriantes

1216 2667 1261 2724 cui
1282 2666 1483 2726 admirandam
1504 2667 1626 2740 gratiam
1647 2667 1677 2725 in
1700 2679 1800 2727 tenero
1822 2668 1916 2727 adhuc
1937 2686 2069 2744 corpore,
2089 2680 2118 2729 et

1216 2761 1341 2818 necdum
1356 2760 1428 2819 uirili
1450 2779 1532 2819 more
1554 2773 1668 2820 maturo
1682 2762 1818 2821 uirtutem
1834 2763 1910 2832 fidei,
1924 2773 1953 2822 ct
1970 2763 2117 2840 patientiae

1215 2853 1412 2913 fortitudinem
1436 2855 1564 2926 tribuisti,
1580 2856 1699 2914 saeuitiae
1716 2856 1911 2934 persecutoris
1925 2873 1986 2914 non
2001 2856 2117 2916 cederet

1214 2949 1390 3007 conscientia
1418 2949 1542 3024 puerilis.
1588 2947 1627 3008 Et
1654 2951 1727 3009 inter
1755 2951 1860 3009 acerba
1888 2949 2029 3027 supplicia
2060 2968 2115 3009 nec

1213 3060 1300 3100 sensu
1315 3043 1409 3119 potuit
1423 3044 1520 3102 terreri
1537 3061 1592 3102 nec
1607 3041 1699 3120 frangi
1715 3053 1809 3116 aetate,
1821 3054 1852 3102 ut
1867 3044 2021 3120 gloriosior
2035 3043 2115 3104 lieret

1212 3155 1322 3196 corona
1337 3139 1471 3215 martyrii.
1515 3138 1552 3196 Et
1567 3138 1643 3198 ideo.

1289 3317 1543 3382 sittacenen.
1576 3317 1652 3414 Nat.
1668 3335 1694 3382 a.
1707 3319 1844 3396 eustathii
1858 3321 2024 3401 mutuarat

1250 3426 1287 3485 U.
1299 3425 1336 3484 D.
1350 3425 1404 3485 Per
1414 3473 1419 3485 .
1431 3439 1606 3486 ..nostrum
1628 3427 1727 3500 Quem
1738 3429 1840 3487 beatus
1852 3429 2015 3488 eustachius
2025 3428 2112 3488 mira·

1209 3521 1301 3578 biliter
1315 3521 1416 3578 meruit
1431 3539 1604 3596 agnoscere,
1617 3531 1646 3580 et
1661 3522 1792 3598 agnitum
1810 3540 1903 3600 usque
1923 3521 1960 3582 ad
1975 3540 2113 3582 consum·

1208 3614 1367 3672 mationem
1383 3616 1449 3673 uitae
1466 3613 1585 3673 lideliter
1600 3614 1727 3692 diligere.
1763 3614 1854 3675 Cuius
1869 3617 1928 3675 uita
1943 3617 1973 3674 in
1995 3616 2112 3692 magnis

1207 3707 1438 3766 tribulationibus
1462 3708 1555 3766 extitit
1577 3710 1752 3781 examinata,
1774 3710 1848 3768 sicut
1866 3711 2046 3770 examinatur
2068 3729 2111 3769 ar-

1206 3814 1337 3877 gentum.
1380 3803 1440 3876 Qui
1468 3814 1499 3861 ut
1528 3803 1623 3862 adhuc
1652 3805 1801 3881 probatior
1828 3805 1995 3864 redderetur
2030 3824 2110 3876 auro,

1207 3897 1287 3972 quod
1308 3916 1360 3973 per
1381 3899 1479 3974 ignem
1497 3900 1646 3974 probatur,
1661 3900 1874 3958 nobilissimum
1891 3917 1959 3959 curn
1979 3901 2110 3960 mobilis·

1206 3991 1286 4050 simis
1300 3992 1386 4050 sociis
1408 3993 1542 4051 sustinuit
1561 3995 1739 4069 martyrium.
1781 3992 1917 4066 Quorum
1939 3995 2048 4054 meritis
2069 3996 2109 4053 ibi

1206 4087 1291 4145 nobis
1314 4091 1408 4163 portio
1430 4086 1503 4146 lucis
1524 4097 1632 4146 aeteme
1654 4090 1802 4161 tribuatur,
1816 4091 1868 4148 ubi
1890 4090 1944 4167 ipsi
1966 4091 2028 4150 sine
2050 4091 2108 4149 fine

1206 4181 1279 4238 sicut
1293 4181 1338 4240 sol
1352 4182 1381 4240 in
1397 4195 1557 4258 conspectu
1572 4193 1623 4241 tuo
1639 4181 1798 4258 fulgebunt.
1843 4183 1898 4242 Per
1913 4203 2009 4262 quem.

1244 4505 1309 4564 The
1324 4525 1403 4565 mass
1419 4506 1462 4565 lor
1478 4507 1518 4567 St.
1531 4507 1626 4585 Leger
1640 4511 1664 4568 is
1679 4509 1844 4588 appended.
1870 4509 1896 4568 It
1912 4511 1968 4569 isa
1985 4511 2106 4568 survival

1202 4600 1237 4659 ol
1243 4602 1290 4659 the
1300 4603 1415 4660 ancient
1425 4601 1544 4682 Liturgy
1554 4605 1587 4663 ol
1596 4603 1681 4676 Gaul,
1693 4606 1751 4664 and
1761 4624 1864 4665 occurs
1873 4605 1938 4663 with
1950 4605 1985 4664 its
1995 4604 2106 4680 Proper

1203 4695 1329 4766 Prelaee‚
1351 4707 1414 4768 etc,
1438 4699 1468 4756 in
1488 4697 1537 4757 the
1560 4699 1700 4758 ‘lllissale
1723 4699 1899 4770 Gothicum,’
1922 4699 1980 4758 No.
2003 4697 2105 4770 LXV,

1202 4791 1296 4850 where
1311 4791 1360 4850 the
1375 4802 1492 4868 present
1508 4791 1625 4852 Secreta
1641 4795 1664 4853 is
1680 4795 1727 4853 the
1740 4794 1812 4853 Coll.
1824 4804 1892 4872 post
1906 4794 2034 4863 nomina,
2047 4793 2105 4852 and

1202 4886 1249 4944 the
1269 4899 1386 4961 present
1401 4884 1449 4945 Ad
1466 4886 1673 4964 complendum
1690 4889 1713 4948 is
1727 4889 1775 4946 the
1790 4887 1864 4948 Coll.
1879 4889 1917 4948 ad
1934 4906 2047 4965 pacem.

1295 5065 1357 5131 Uli.
1373 5084 1441 5128 πππ.
1457 5072 1512 5129 nrt.
1544 5066 1620 5130 Nat.
1636 5067 1672 5132 Ξ.
1688 5070 1838 5148 [satagarii
1854 5071 1978 5151 episcopi
1987 5073 2007 5132 ⁶.

1243 5173 1363 5232 Summe
1385 5175 1573 5250 omnipotens
1594 5176 1674 5247 deus,
1690 5179 1739 5253 qui
1761 5178 1850 5236 uitam
1871 5179 1948 5236 beati
1969 5179 2103 5238 antistitis

1201 5269 1241 5326 tui
1256 5268 1414 5344 leodegarii
1425 5269 1558 5345 martyris
1572 5287 1623 5344 per
1637 5271 1717 5330 istius
1733 5271 1830 5330 saeculi
1843 5289 2000 5347 emmpnas
2010 5281 2103 5332 trans-

1200 5362 1240 5419 ire
1261 5361 1375 5430 iussisti,
1398 5361 1480 5420 cuius
1502 5380 1600 5421 annua
1622 5361 1695 5422 sesta
1716 5362 1823 5422 deuota
1843 5375 1942 5424 mente
1964 5365 2102 5424 caelebra-

1265 5545 1273 5576 ¹
1290 5547 1346 5598 Fol.
1358 5561 1434 5610 ¹49⁸·

1361 5624 1370 5654 ¹
1387 5624 1442 5676 Fol.
1454 5639 1500 5692 159
1508 5626 1533 5676 b.

1863 5551 1874 5581 ⁸
1890 5551 1946 5601 ror.
1957 5551 2034 5616 15ss.

1763 5629 1772 5659 ¹
1790 5629 1845 5680 ror.
1857 5630 1936 5694 usb-

1737 5720 1800 5795 ΡΡ

1557 5547 1567 5577 ¹
1583 5549 1729 5616 Fol.154a.
