5124 6608
531 593 696 686 hassione
720 593 868 672 domini.

547 791 632 856 Item
647 791 717 858 alia
730 791 828 857 lectio.

292 905 354 987 Ep.
378 903 477 970 Dixit
493 904 647 970 dominus
663 906 706 969 ad
723 924 873 988 moysen.

295 1005 402 1070 Tract.
427 1004 530 1088 Eripe
545 1024 607 1080 me,
624 1004 770 1069 domine.

411 1113 495 1178 Inde
511 1135 588 1178 uero
602 1114 723 1198 legitur
728 1115 842 1198 passio
854 1113 988 1181 domini.

369 1225 497 1290 Deinde
511 1237 688 1310 sequuntur
702 1227 863 1293 orationes
876 1199 1049 1292 sollemnes.

292 1337 461 1418 OREMUS,
473 1338 679 1405 dilectissimi
695 1341 798 1420 nobis,
810 1361 870 1424 pro
886 1340 1023 1424 ecclesia
1038 1347 1152 1403 sancta

249 1438 311 1514 dei,
328 1446 365 1502 ut
381 1458 455 1502 eam
474 1439 557 1504 deus
575 1451 609 1504 et
625 1441 779 1505 dominus
802 1451 914 1505 noster
929 1440 1101 1522 pacificare
1118 1446 1152 1502 et

247 1538 412 1602 custodire
427 1538 583 1622 dignetur
598 1548 671 1605 toto
693 1541 774 1605 orbe
793 1550 961 1616 terrarum,
976 1539 1151 1603 subiiciens

247 1639 276 1702 ei
287 1639 491 1722 principatus
504 1647 538 1703 et
552 1649 746 1722 potestates,
759 1641 881 1724 detque
897 1640 992 1705 nobis
1004 1639 1163 1723 quietam,

246 1747 279 1802 et
293 1736 506 1820 tranquillam
518 1741 621 1804 uitam
634 1741 841 1825 degentibus,
852 1738 1035 1825 glorificare
1050 1740 1151 1803 deum

246 1845 374 1920 patrem
389 1838 678 1922 omnipotentem*

510 1967 657 2036 Oremus.
697 1969 888 2037 flectamus.

289 2077 513 2163 Omnipotens
526 2083 724 2167 sempiterne
735 2084 827 2162 deus,
837 2082 893 2166 qui
905 2081 1044 2165 gloriam
1057 2090 1150 2145 tuam

246 2178 398 2243 omnibus
428 2180 462 2242 in
492 2181 615 2248 christo
644 2185 801 2267 gentibus
833 2183 995 2260 reuelasti,
1021 2181 1150 2245 custodi

247 2298 346 2360 opera
364 2280 597 2346 misericordia
613 2293 688 2361 tuae,
700 2293 737 2348 ut
753 2284 890 2366 ecclesia
906 2293 979 2347 toto
994 2281 1074 2346 orbe
1089 2280 1151 2346 dil·

246 2378 326 2456 fusa,
341 2379 451 2443 stabili
475 2380 542 2446 fide
564 2385 597 2446 in
620 2383 825 2448 consessione
847 2383 895 2448 tui
915 2383 1057 2446 nominis
1078 2401 1151 2463 per-

245 2488 383 2542 seueret.
430 2479 492 2544 Per
507 2483 651 2547 eundem
665 2483 838 2548 dominum
855 2492 1004 2547 nostrum
1022 2480 1150 2545 ihesum

246 2577 406 2642 christum
421 2578 552 2645 filiums

290 2675 450 2743 OREMUS
467 2690 501 2745 et
517 2702 576 2765 pro
588 2680 782 2746 beatissimo
797 2702 884 2766 papa
899 2690 1013 2746 nostro
1025 2679 1100 2745 dllo.
1114 2689 1152 2745 ut

247 2778 327 2842 deus
339 2789 373 2844 et
385 2778 540 2844 dominus
553 2791 672 2859 noster,
683 2783 740 2865 qui
753 2773 853 2866 elegit
865 2801 940 2846 eum
957 2780 989 2844 in
1001 2781 1150 2845 ordinem

247 2877 465 2960 episcopatus,
490 2879 618 2944 saluum
641 2889 743 2965 atque
763 2881 962 2946 incolumem
985 2880 1151 2945 custodiat

246 2975 391 3041 ecclesiae
421 2998 491 3042 suae
525 2989 651 3044 sanctae
689 2982 733 3045 ad
770 2982 951 3065 regendum
989 2979 1150 3064 populum

245 3085 395 3141 sanctum
411 3078 489 3142 dei.t

508 3163 656 3230 oremus.
696 3166 891 3233 Flectamur.

288 3275 511 3360 Omnipotens
541 3280 742 3364 sempiterne
772 3281 863 3356 deus,
886 3278 980 3345 cuius
1005 3277 1150 3344 aeterno¹

246 3377 365 3442 iudicio
386 3379 539 3443 uniuersa
561 3378 760 3458 fundantur3
783 3381 909 3464 respice
924 3379 1085 3463 propitius
1106 3380 1149 3444 ad

246 3497 359 3560 preces
385 3487 524 3558 nostras,
547 3487 581 3543 et
604 3477 746 3544 electum
770 3480 864 3546 nobis
887 3480 1070 3544 antistitem
1093 3489 1151 3544 tua

246 3577 369 3660 pietate
393 3598 562 3656 consema,
588 3587 625 3644 ut
648 3578 824 3644 christiana
847 3579 949 3663 plebs,
973 3599 1048 3663 quae
1071 3577 1150 3644 tali²

244 3678 446 3760 gubernatur
467 3688 611 3756 auctore,
632 3680 694 3743 sub
715 3689 810 3744 tanto
832 3679 988 3762 pontifice
1011 3678 1150 3744 creduli·

245 3777 322 3840 tatis
365 3799 434 3843 suae
477 3778 602 3844 meritis
642 3790 812 3862 augeatur.
880 3779 942 3844 Per
978 3779 1149 3843 dominum

246 3887 418 3942 nostrum?

288 3975 453 4042 OREMUS
469 3986 504 4042 et
519 3997 580 4061 pro
596 3977 749 4042 omnibus
765 3979 938 4060 episcopis,
951 3977 1149 4062 presbiteris,

245 4077 447 4152 diaconibus,
464 4077 730 4152 subdiaconibus,
741 4078 877 4155 acolitis,
888 4077 1069 4157 exorcistis,
1084 4077 1149 4143 lec-

246 4177 379 4254 toribus,
392 4175 565 4254 hostiariis,
576 4175 825 4251 consessoribus,
837 4177 1025 4260 uirginibus,
1032 4178 1148 4256 uiduis,

245 4287 278 4340 et
292 4296 353 4359 pro
368 4277 460 4340 omni
476 4275 601 4358 populo
619 4287 733 4341 sancto
749 4277 828 4341 deis

506 4412 652 4478 Oramus.
694 4413 885 4478 Flectamus.

289 4524 514 4609 Omnipotens
548 4525 748 4608 sempiterne
785 4525 876 4605 deus,
906 4525 997 4589 cuius
1031 4526 1146 4608 spiritu

245 4633 352 4689 totum
382 4645 501 4708 corpus
532 4625 679 4709 ecclesia
709 4625 932 4690 sanctificatur
957 4634 992 4690 et
1019 4627 1141 4709 regitur

246 4725 368 4788 exaudi
388 4744 449 4789 nos
471 4745 532 4806 pro
554 4725 713 4789 uniuersis
731 4725 899 4789 ordinibus
915 4723 1146 4807 supplicantes,

246 4835 282 4888 ut
306 4825 424 4907 gratiae
449 4833 517 4888 tuae
545 4845 680 4888 munere
706 4826 750 4890 ab
773 4824 926 4889 omnibus
952 4822 1012 4888 tibi
1038 4827 1146 4907 gradi-

245 4924 306 4987 bus
322 4922 485 4988 fideliter⁸
508 4925 680 4988 seruiatur.
726 4925 788 4988 Per
802 4925 974 4988 dominum
998 4934 1146 4991 nostrum

246 5023 373 5087 ihesum
389 5022 574 5087 christum*

288 5122 449 5188 OREMUS
465 5133 498 5187 et
514 5143 574 5204 pro
586 5121 856 5187 christianissimo
868 5119 937 5207 (uel
953 5119 1146 5212 christiano)

246 5219 465 5306 imperatore⁴
489 5233 611 5298 nostro,
636 5231 674 5286 ut
696 5224 778 5287 deus
800 5232 835 5286 et
856 5222 1012 5287 dominus
1035 5233 1148 5288 noster

245 5321 395 5387 subditas
418 5321 464 5385 illi
487 5321 586 5386 iaciat
609 5342 725 5386 omnes
748 5321 906 5387 barbaras
929 5324 1080 5387 nationes
1102 5323 1145 5386 ad

246 5433 392 5485 nostram
408 5431 602 5504 perpetuam
618 5434 764 5505 pacemst

276 5586 283 5616 ¹
301 5587 357 5637 On.
368 5585 400 5636 V.
412 5586 445 5636 Y.
601 5587 610 5615 ¹
626 5585 661 5637 So
672 5587 704 5637 0.
717 5586 748 5636 Y.
761 5594 786 5638 te
797 5585 830 5640 V.

626 5664 635 5694 ⁴
652 5665 720 5730 Rege
731 5665 757 5716 S.

984 5587 995 5618 ¹
1012 5588 1068 5640 Ona.
1079 5586 1112 5637 V.

1477 590 1644 683 passum
1667 587 1817 664 uantur.
2052 603 2101 679 95

1467 787 1615 854 Oremur.
1649 785 1841 852 Flectamus.

1249 911 1473 997 Omnipotens
1495 913 1696 998 sempiterne
1719 913 1810 987 deus,
1836 909 1869 974 in
1888 909 1980 976 cuius
2002 929 2103 974 manu

1204 1023 1282 1078 sunt
1293 1013 1441 1077 omnium
1454 1023 1648 1096 potestates,
1662 1023 1695 1077 et
1707 1011 1818 1076 omnia
1836 1010 1905 1074 iura
1918 1029 2103 1092 regnorum,

1203 1113 1330 1196 respice
1346 1113 1389 1176 ad
1412 1111 1647 1178 christianum¹
1670 1112 1834 1195 benignus
1856 1110 2040 1193 imperium,
2065 1120 2103 1175 ut

1203 1223 1321 1294 gentes
1347 1232 1413 1295 que
1443 1213 1477 1274 in
1503 1233 1563 1277 sua
1586 1212 1718 1276 feritate
1740 1209 1920 1287 confidunt,
1945 1210 2104 1293 potentiae

1204 1321 1270 1376 tuae
1308 1311 1449 1376 dextera
1494 1311 1764 1395 comprimantur.
1829 1309 1892 1374 Per
1928 1309 2103 1374 dominum

1203 1420 1377 1476 nostrum?

1248 1509 1410 1576 OREMUS
1426 1519 1460 1576 et
1474 1532 1535 1594 pro
1546 1510 1760 1576 catecuminis
1776 1507 1908 1582 nostris,
1919 1515 1956 1572 ut
1971 1507 2055 1572 deus
2071 1518 2105 1573 et

1203 1609 1358 1674 do'minus
1389 1621 1501 1676 noster
1528 1611 1699 1694 adaperiat
1728 1629 1825 1673 aures
1857 1607 2103 1692 precordiorum

1204 1711 1360 1791 ipsorum,
1385 1711 1585 1793 ianuamque
1608 1708 1849 1786 misericordiae,
1872 1716 1909 1772 ut
1930 1726 1990 1790 per
2011 1707 2104 1772 laua-

1204 1829 1294 1872 crum
1316 1811 1575 1893 regenerationis
1590 1817 1728 1893 accepta
1744 1808 1936 1872 remissione
1956 1807 2104 1870 omnium

1203 1918 1425 1991 peccatorum,
1444 1919 1478 1974 et
1499 1909 1561 1993 ipsi
1584 1909 1794 1973 inueniantur
1808 1908 1841 1972 in
1864 1907 1987 1973 christo
2010 1905 2104 1972 ihesu

1203 2009 1341 2072 domino
1357 2019 1495 2076 nostros

1465 2160 1613 2226 Oremus.
1651 2159 1843 2225 Flectamur.

1249 2282 1472 2366 Omnipotens
1501 2285 1703 2370 sempiterne
1728 2286 1820 2362 deus,
1844 2281 1900 2367 qui
1929 2281 2102 2347 ecclesiam

1204 2391 1296 2447 tuam
1321 2404 1408 2448 noua
1430 2405 1562 2468 semper
1584 2386 1677 2468 prole
1699 2384 1866 2457 secundas,
1892 2403 1979 2466 auge
2001 2381 2103 2448 fidem

1204 2492 1237 2547 et
1267 2483 1473 2549 intellectum
1512 2486 1726 2550 catecuminis
1763 2483 1892 2562 nostris,
1923 2490 1960 2547 ut
1997 2483 2103 2548 renati

1201 2581 1294 2647 sonte
1322 2582 1532 2666 baptismatis
1563 2584 1753 2669 adoptionis
1782 2593 1850 2648 tuae
1880 2582 1955 2647 filiis
1985 2585 2104 2666 adgre-

1202 2691 1331 2766 gentur.
1374 2684 1462 2749 Pers

1247 2782 1416 2863 OREMUS,
1427 2784 1632 2850 dilectissimi
1648 2782 1752 2859 nobis,
1767 2781 1868 2848 deum
1883 2790 2014 2864 patrem
2030 2801 2103 2846 om·

1203 2882 1418 2965 nipotentem,
1430 2893 1467 2950 ut
1482 2885 1608 2949 cunctis
1624 2883 1785 2948 mundum
1800 2890 1919 2966 purget
1930 2880 2102 2961 erroribus,

1203 2983 1337 3047 morbos
1352 2983 1489 3065 auferat,
1505 2983 1627 3048 samem
1639 2982 1796 3066 depellat,
1807 2982 1935 3064 aperiat
1947 3001 2101 3060 carceres,

1202 3081 1332 3147 uincula
1348 3082 1518 3162 dissoluat,
1535 3083 1821 3168 peregrinantibus
1843 3082 1994 3155 reditum,
2011 3078 2101 3144 infir·

1202 3183 1369 3247 mantibus
1385 3185 1572 3263 sanitatem,
1587 3183 1821 3266 nauigantibus
1836 3192 1968 3265 portum
1984 3179 2100 3245 salutis

1202 3283 1399 3366 indulgeat.t

1464 3371 1611 3437 Oremus.
1640 3368 1832 3434 Flectamus.

1245 3493 1469 3578 Omnipotens
1491 3496 1692 3579 sempiterne
1709 3497 1801 3568 deus,
1819 3501 1999 3575 meatorum
2021 3510 2099 3556 con-

1201 3594 1329 3673 solatio,
1350 3595 1573 3660 laborantium
1595 3595 1765 3670 lortitud0,
1782 3593 1978 3677 perueniant
2000 3592 2043 3656 ad
2066 3601 2101 3656 te

1201 3713 1315 3776 preces
1327 3695 1370 3759 de
1382 3715 1591 3780 quacumque
1601 3694 1815 3760 tribulatione
1827 3693 2051 3769 clamantium,
2064 3703 2101 3758 ut

1201 3814 1317 3858 omnes
1336 3795 1398 3859 sibi
1422 3796 1454 3859 in
1478 3795 1729 3860 necessitatibus
1751 3793 1819 3858 suis
1842 3794 2099 3858 misericordiam

1201 3903 1293 3957 tuam
1309 3895 1477 3976 gaudeant
1492 3894 1646 3960 adfuisse.
1692 3893 1780 3958 Pers

1244 3993 1407 4058 OREMUS
1434 4005 1470 4058 et
1495 4015 1555 4078 pro
1581 3993 1734 4058 hereticis
1756 4002 1790 4059 et
1812 3992 2040 4064 schismaticis,
2063 4003 2100 4058 ut

1200 4093 1282 4157 deus
1304 4114 1343 4158 ac
1364 4094 1519 4158 dominus
1541 4105 1654 4159 noster
1673 4104 1769 4159 eruat
1791 4113 1849 4158 eos
1872 4092 1915 4157 ab
1938 4093 2102 4157 erroribus

1200 4194 1367 4270 uniuersis,
1403 4204 1438 4259 et
1474 4195 1517 4258 ad
1555 4204 1708 4260 sanctam
1746 4201 1888 4259 matrem
1926 4192 2100 4275 ecclesiam

1199 4293 1396 4358 catholicam
1408 4303 1510 4378 atque
1520 4294 1737 4377 apostolicam
1750 4313 1906 4358 reuocare
1918 4293 2100 4374 dignatum

1462 4441 1609 4508 Oremus.
1645 4411 1837 4509 Flectamus.

1235 4565 1459 4649 Omnipotens
1471 4569 1671 4652 sempiterne
1682 4569 1772 4643 deus,
1783 4567 1839 4650 qui
1853 4565 1964 4632 saluas
1973 4585 2098 4642 omnes,

1140 4687 1148 4716 ¹
1201 4675 1234 4730 et
1250 4667 1416 4730 neminem
1437 4668 1487 4732 uis
1509 4667 1623 4750 perire,
1640 4668 1765 4752 respice
1780 4669 1822 4732 ad
1839 4667 1968 4732 animas
1982 4665 2098 4730 diabo-

1199 4765 1262 4830 lica
1280 4765 1395 4830 fraude
1413 4767 1581 4850 deceptas,
1598 4778 1646 4846 ut,
1663 4767 1753 4832 omni
1769 4766 1915 4831 heretica
1932 4765 2099 4850 prauitate

1198 4866 1363 4949 deposita,
1380 4869 1559 4932 errantium
1575 4867 1675 4932 corda
1690 4867 1890 4950 resipiscant,
1907 4865 1999 4930 etad
2015 4865 2097 4928 ueri-

1198 4967 1276 5030 tatis
1312 4977 1380 5031 tuae
1419 4967 1558 5031 redeant
1595 4967 1767 5031 unitatem.
1826 4965 1889 5030 Per
1925 4963 2097 5029 dominum

1199 5077 1372 5130 nostrum?

1244 5165 1405 5230 OREMth
1435 5174 1468 5230 et
1495 5185 1556 5247 pro
1582 5164 1717 5248 perfidis
1743 5163 1867 5240 iudaeis,
1890 5173 1928 5228 ut
1957 5164 2040 5227 deus
2063 5174 2099 5229 et

1198 5265 1353 5330 dominus
1384 5276 1497 5329 noster
1526 5265 1653 5328 auferat
1689 5263 1843 5340 uelamen
1874 5265 1916 5328 de
1945 5263 2099 5328 cordibus

1198 5385 1320 5444 eorum,
1346 5373 1383 5429 ut
1410 5372 1444 5428 et
1470 5364 1533 5447 ipsi
1564 5373 1748 5447 agnoscant
1778 5361 1907 5426 ihesum
1937 5361 2098 5428 christum

1102 5465 1111 5486 ⁰
1197 5464 1370 5530 dominum
1386 5473 1560 5528 nostrums

1434 5651 1442 5680 ¹
1459 5651 1493 5703 so
1505 5650 1567 5704 Both
1580 5651 1611 5703 Ο.
1625 5651 1657 5714 Y,
1670 5651 1811 5701 Romanum
1823 5650 1855 5706 V.
