5122 6610
721 571 853 656 wissa
869 570 1065 656 mutuom.

447 767 614 834 humiliter
635 767 738 834 offero
763 762 996 854 benigniter(e)
1019 764 1247 854 dignare(eris)
1271 790 1342 834 sus-

447 869 563 953 cipere,
585 879 624 934 ut
645 869 923 934 intercedentibus
948 869 1102 932 omnibus
1124 869 1247 932 sanctis
1268 869 1342 948 tuis,

448 977 482 1032 et
505 978 642 1052 peccata
665 989 739 1051 quae
762 967 948 1032 labentibus
970 967 1059 1031 uitiis
1081 967 1249 1059 contraxi,¹
1268 968 1343 1051 pius

446 1089 485 1133 ac
508 1068 677 1151 propitius,
699 1077 733 1134 et
754 1064 822 1154 (ac)
844 1064 1080 1152 miserator(us)
1103 1066 1286 1150 indulgeas,
1309 1077 1343 1132 et

445 1167 556 1234 locum
584 1167 766 1253 penitentie
794 1187 834 1232 ac
865 1165 1003 1230 flumina
1028 1166 1234 1230 lacrimarum
1266 1186 1343 1230 con·

445 1288 546 1348 cessa,
568 1267 698 1332 ueniam
721 1287 742 1330 a
764 1275 800 1332 te
823 1285 949 1330 merear
969 1267 1118 1350 accipere
1139 1265 1344 1330 delictorum.

446 1369 510 1434 Per
519 1367 542 1432 ¹.

450 570 519 644 182

804 1467 978 1551 Proesatio.

489 1595 534 1660 U.
550 1594 594 1660 D.
634 1595 696 1660 Per
710 1592 868 1658 christum
883 1593 1055 1658 dominum
1072 1604 1230 1658 nostrum.
1276 1593 1343 1678 Qui

443 1715 505 1780 pro
537 1715 651 1760 amore
682 1693 855 1759 hominum
886 1693 992 1758 sactus
1027 1694 1062 1758 in
1093 1694 1342 1759 similitudinem

444 1795 550 1861 camis
564 1795 692 1879 peccati
714 1795 853 1860 formam
869 1792 954 1856 serui
978 1793 1131 1858 dominus
1152 1794 1341 1877 assumpsit,

444 1896 527 1960 etin
548 1895 658 1979 specie
680 1893 843 1959 uulnerati
866 1893 1013 1958 medicus
1035 1892 1230 1958 ambulauit.
1277 1893 1343 1958 Hic

444 1995 540 2060 nobis
554 1995 707 2061 dominus
730 2003 764 2059 et
787 1994 944 2076 magister
965 1992 1088 2070 salutis,
1105 1993 1287 2058 aduocatus
1308 2003 1343 2058 et

444 2095 556 2174 iudex,
582 2093 737 2159 sacerdos
766 2101 801 2157 et
830 2091 1036 2157 sacrificium.
1086 2093 1150 2156 Per
1177 2091 1266 2157 hunc
1297 2102 1341 2166 te,

443 2203 557 2260 sancte
590 2203 686 2278 pater
718 2193 936 2276 omnipotens,
962 2191 1153 2275 suppliciter
1176 2192 1342 2274 deprecor,

443 2303 481 2360 ut
514 2295 595 2358 dum
625 2303 752 2358 reatum
785 2292 984 2375 conscientie
1018 2312 1101 2355 meae
1134 2311 1341 2375 recognosco,

443 2395 534 2478 quod
555 2395 588 2458 in
605 2379 769 2476 preceptis
790 2392 856 2458 tuis
871 2391 1092 2475 preuaricator
1113 2390 1219 2468 extiti,
1234 2400 1268 2456 et
1284 2411 1344 2474 per

444 2494 637 2560 delictorum
666 2492 792 2557 facinus
817 2492 850 2556 in
879 2492 1006 2556 minam
1036 2490 1150 2556 corrui.
1194 2490 1247 2555 Tu
1278 2511 1341 2566 me,

443 2595 587 2670 domine,
614 2592 739 2674 erigere
768 2591 921 2675 digneris,
946 2610 1047 2674 quem
1076 2590 1188 2673 lapsus
1213 2589 1341 2674 peccati

442 2691 1341 2776 prostrauit,inluminacecum,quemtetrepeccatomm

443 2791 598 2876 caligines
608 2792 880 2870 obscurauerunt3
901 2789 991 2854 solue
1003 2789 1229 2873 compeditum
1241 2809 1341 2872 quem

443 2890 575 2956 uincula
604 2898 814 2974 peccatomm
845 2889 1084 2972 constringunt.
1141 2888 1254 2954 Presta
1283 2909 1342 2972 per

442 2999 594 3056 sanctum
620 2998 655 3055 et
678 2989 857 3074 gloriosum
883 2998 918 3054 et
941 2989 1147 3055 adorandum
1171 2987 1340 3054 dominum

443 3099 601 3166 nostrum,
629 3089 756 3153 ihesum
786 3088 944 3154 christum
974 3087 1079 3152 filium
1108 3098 1212 3166 tuum,
1240 3108 1340 3171 quem

442 3189 581 3254 laudant
595 3188 704 3272 angeli
720 3199 753 3253 et
771 3209 838 3254 non
853 3195 983 3253 cessant
998 3187 1140 3253 clamare
1155 3187 1310 3264 dicentes,

489 3288 644 3367 Sanctus,
660 3297 800 3364 sanctus,
817 3299 956 3353 sanctus.

773 3467 816 3532 In
830 3465 1004 3548 fractione.

489 3591 589 3656 Hanc
604 3591 703 3676 igitur
724 3591 928 3657 oblationem
948 3612 1047 3675 quam
1070 3591 1130 3655 tibi
1153 3591 1255 3656 offero
1278 3610 1339 3673 ego

443 3703 519 3758 tuus
544 3691 688 3756 famulus
712 3701 746 3757 et
769 3693 930 3771 sacerdos,
955 3692 999 3757 ob
1024 3691 1113 3756 diem
1138 3691 1260 3774 inquo
1287 3711 1340 3754 me

442 3793 597 3876 dignatus
623 3812 659 3854 es
686 3791 867 3856 ministerio
891 3810 984 3856 sacro
1010 3791 1209 3856 constituere
1234 3808 1340 3854 sacer·

443 3893 566 3966 dotem,
583 3890 728 3969 obsecro,
744 3891 888 3966 domine,
911 3890 1062 3973 placatus
1084 3889 1237 3971 accipias,
1253 3889 1341 3952 unde

443 3993 650 4056 maiestatem
669 4000 762 4054 tuam
784 3990 926 4074 supplex
947 4009 1059 4068 exoro,
1074 3999 1112 4053 ut
1128 3989 1217 4071 quod
1238 3989 1271 4052 in
1287 4009 1341 4052 me

443 4091 561 4174 largire
582 4090 737 4172 dignatus
760 4109 796 4154 es
817 4091 978 4173 propitius
1000 4090 1166 4154 custodire
1187 4089 1339 4172 digneris.

442 4190 592 4273 Diesque
607 4198 737 4255 nostros
752 4189 785 4252 in
800 4198 857 4253 tua
873 4208 965 4272 pace.

740 4380 803 4444 Ad
812 4380 1042 4463 compensum.

486 4507 707 4591 Omnipotens
740 4509 939 4590 sempiterne
973 4506 1064 4584 deus,
1094 4504 1186 4571 ihesu
1219 4504 1340 4570 christe

441 4609 584 4684 domine,
594 4607 755 4692 propitius
770 4619 841 4674 esto
855 4607 998 4691 peccatis
1014 4607 1104 4681 meis,
1117 4626 1176 4690 per
1190 4625 1340 4688 assump-

441 4708 567 4772 tionem
590 4707 734 4790 corporis
756 4716 791 4771 et
812 4706 980 4790 sanguinis
1001 4706 1059 4784 tui,
1079 4714 1113 4771 et
1135 4701 1221 4791 (per)
1243 4705 1340 4773 inter·

440 4807 622 4872 cessionem
647 4802 808 4892 (omnium
837 4815 1025 4872 sanctorum
1054 4801 1201 4890 tuomm)
1225 4815 1340 4870 sancte

440 4907 554 4970 mariae
569 4915 602 4971 et
617 4906 766 4970 omnium
788 4915 977 4970 sanctorum
993 4914 1137 4971 tuorum.
1181 4902 1234 4968 Tu
1249 4903 1339 4968 enim

440 5005 579 5088 loquens
612 5003 736 5082 dixisti,
766 5001 833 5090 Qui
867 5003 1046 5076 manducat
1077 4999 1239 5088 meam(b)
1269 5022 1339 5067 car-

441 5101 568 5191 nem(a)
593 5113 627 5168 et
652 5104 737 5167 bibit
767 5100 929 5190 meumlb)
953 5098 1196 5187 sanguinem(a)
1222 5103 1256 5164 in
1286 5121 1340 5164 me

442 5213 554 5268 manet
570 5211 604 5267 et
619 5223 681 5287 ego
697 5204 730 5267 in
745 5198 880 5286 eum(0)·
918 5201 1000 5268 Ideo
1015 5201 1158 5285 supplex
1174 5210 1209 5265 te
1223 5202 1339 5283 depre-

442 5321 506 5380 cor,
529 5311 565 5366 ut
587 5301 621 5364 in
644 5322 697 5366 me
730 5321 785 5366 cor
811 5301 972 5366 mundum
1002 5321 1099 5378 crees,
1126 5308 1159 5365 et
1188 5300 1339 5383 spiritum

442 5409 568 5465 rectum
597 5401 631 5464 in
664 5400 841 5466 uisceribus
874 5402 956 5466 meis
985 5400 1131 5480 innoues,
1161 5407 1195 5464 et
1225 5398 1340 5481 spiritu

808 5617 818 5648 ¹
834 5618 866 5671 0.
878 5635 902 5684 p.
916 5621 970 5684 ³⁸⁵·

1388 569 1786 663 consummemur.
1805 571 2022 664 ibroflbbsm
2040 574 2106 646 tm
2117 571 2293 664 amnibus.

1395 767 1565 853 principali
1582 789 1636 834 me
1656 768 1849 835 confirmare
1869 769 2020 854 digneris,
2037 735 2070 836 et
2085 771 2128 836 ab
2143 771 2296 838 omnibus

1395 869 1519 934 insidiis
1541 869 1663 935 diaboli
1685 879 1786 953 atque
1807 869 1900 934 uiciis
1921 871 2089 949 emundes
2105 880 2143 936 ut
2164 872 2295 955 gaudiis

1395 968 1581 1034 caelestibus
1594 989 1718 1034 merear
1733 990 1805 1033 esse
1820 970 1994 1054 particeps.
2027 971 2088 1035 Per
2103 967 2172 1057 (qui
2187 969 2293 1056 uiuis).

1553 1247 1666 1324 Μίκκα
1682 1255 1781 1314 motta
1798 1250 2015 1334 temptationum
2031 1251 2137 1316 camis.
2216 1294 2219 1303 -

1437 1400 1507 1466 Vre
1522 1401 1598 1484 igne
1614 1399 1720 1465 sancti
1742 1398 1875 1482 spiritus
1898 1419 1992 1463 renes
2014 1419 2107 1464 meos
2124 1396 2293 1486 (nostros),

1395 1510 1430 1567 et
1457 1520 1513 1566 cor
1537 1521 1647 1566 meum
1671 1495 1856 1586 (nostrum),
1884 1499 2026 1576 domine,
2055 1509 2093 1564 ut
2116 1499 2176 1563 tibi
2201 1509 2292 1564 casto

1395 1619 1530 1684 corpore
1551 1591 1767 1685 semiam(us),
1782 1607 1816 1664 et
1833 1607 1945 1664 mente
1959 1595 2184 1684 placeam(us).
2231 1597 2293 1662 Per

1395 1703 1565 1768 dominum
1576 1701 1599 1767 ¹.

1773 1789 1914 1854 Secreta.

1439 1913 1631 1979 Muneribus
1653 1914 1780 1994 nostris,
1806 1913 1948 1992 domine,
1974 1914 2191 1998 precibusque
2223 1935 2292 1980 sus·

1394 2016 1507 2099 ceptis,
1539 2024 1573 2079 et
1608 2014 1782 2080 celestibus
1820 2035 1880 2078 nos
1914 2015 2039 2080 munda
2070 2015 2222 2079 misteriis
2258 2023 2292 2078 et

1394 2114 1572 2180 clementer
1586 2114 1719 2179 exaudi.
1764 2115 1849 2180 Per.t

1694 2289 1756 2353 Ad
1766 2287 1994 2373 complendum.

1437 2413 1589 2494 Domine,
1609 2414 1740 2479 adiutor
1761 2424 1795 2479 et
1816 2423 1982 2499 protector
2004 2422 2125 2492 noster,
2141 2412 2291 2477 re'floreat

1393 2534 1470 2578 caro
1482 2535 1556 2577 mea
1568 2510 1709 2599 (nostra)
1721 2515 1834 2598 uigore
1845 2514 2017 2598 pudititiae,
2029 2522 2063 2578 et
2075 2513 2291 2577 sanctimonie

1393 2614 1549 2692 nouitate,
1578 2623 1793 2698 ereptamque
1822 2615 1865 2679 de
1898 2633 1996 2678 manu
2027 2614 2140 2678 tartari
2175 2613 2208 2676 in
2239 2634 2289 2677 re·

1393 2713 1600 2778 surrectionis
1614 2714 1772 2798 gaudium
1788 2713 1900 2778 iubeas
1916 2733 1969 2776 me
1984 2713 2173 2796 presentari.
2201 2711 2289 2776 Per².

1603 3007 1668 3087 ἱβτυ
1684 3008 1786 3072 abbata
1803 3011 1831 3071 rt
1847 3005 2073 3086 ommatium.

1437 3153 1659 3237 Omnipotens
1681 3153 1881 3235 sempiterne
1903 3153 1995 3226 deus,
2018 3150 2074 3234 qui
2097 3149 2177 3215 iacis
2193 3150 2289 3214 mira-

1393 3251 1472 3317 bilia
1487 3273 1608 3336 magna
1622 3253 1719 3331 solus,
1734 3251 1894 3335 pretende
1909 3271 2007 3335 super
2020 3250 2179 3315 famulum
2195 3260 2290 3315 tuum

1392 3352 1551 3416 abbatem
1570 3351 1626 3418 .ill.
1649 3363 1682 3416 et
1704 3372 1805 3436 super
1825 3361 1979 3416 cunctam
2001 3349 2290 3433 congregationem

1393 3451 1439 3516 illi
1462 3453 1670 3517 commissam
1696 3452 1846 3534 spiritum
1872 3451 1987 3533 gratiae
2009 3449 2169 3526 salutaris,
2193 3457 2227 3513 et
2253 3457 2290 3512 ut

1393 3551 1425 3614 in
1461 3552 1602 3615 ueritate
1642 3550 1702 3615 tibi
1739 3549 1977 3633 complaceant,
2010 3557 2206 3632 perpetuum
2243 3549 2290 3611 eis

1393 3671 1499 3716 rorem
1515 3661 1572 3732 tue
1593 3650 1831 3715 benedictionis
1854 3647 1999 3714 infunde.
2035 3647 2097 3712 Per
2117 3648 2288 3712 dominum

1392 3761 1565 3816 nostrum.l

1770 3835 1910 3900 Secreta.

1438 3960 1584 4036 Hostias,
1606 3961 1748 4038 domine,
1768 3958 1965 4024 famulorum
1988 3967 2119 4022 tuorum
2141 3955 2290 4039 placatus

1393 4061 1538 4138 intende,
1554 4069 1587 4124 et
1602 4080 1684 4143 quas
1704 4058 1738 4123 in
1759 4057 1918 4123 honorem
1935 4057 2077 4122 nominis
2099 4058 2147 4120 tui
2168 4056 2290 4120 deuota

1394 4169 1504 4224 mente
1524 4180 1584 4244 pro
1604 4161 1651 4224 eis
1671 4159 1873 4224 celebramus
1890 4157 2049 4241 proficere
2066 4155 2128 4220 sibi
2146 4156 2290 4219 sentiant

1393 4259 1437 4324 ad
1456 4259 1629 4325 medelam.
1676 4260 1761 4324 Per.t

1693 4433 1755 4497 Ad
1764 4431 1991 4517 complendum.

1438 4559 1532 4644 Quos
1543 4559 1667 4625 caelesti
1679 4579 1804 4624 recreas
1816 4578 1951 4623 munere
1961 4566 2131 4641 perpetuo,
2144 4555 2289 4632 domine,

1394 4663 1551 4727 comitare
1565 4659 1717 4744 presidio,
1733 4669 1767 4724 et
1778 4679 1862 4742 quos
1872 4657 1983 4722 fouere
1998 4676 2064 4721 non
2080 4655 2203 4720 desinis
2217 4655 2290 4738 dig·

1393 4781 1454 4826 nos
1473 4761 1542 4825 fieri
1558 4761 1759 4842 sempiterna
1773 4759 2000 4841 redemptione
2011 4756 2165 4820 concede.
2191 4754 2278 4817 Per}

1625 5043 1739 5119 βίαια
1753 5059 1804 5125 pro
1821 5043 1875 5106 itm
1891 5039 2058 5121 apsntibus.

1436 5194 1577 5274 Adesto,
1607 5192 1749 5270 domine,
1776 5188 2068 5273 supplicationibus
2098 5187 2228 5264 nostris,
2258 5194 2292 5249 et

1394 5296 1484 5359 uiam
1514 5289 1692 5380 (nostram)
1720 5290 1834 5392 famuli
1864 5290 1913 5355 tui
1939 5287 1997 5354 All.
2022 5289 2055 5352 in
2080 5287 2196 5351 salutis
2224 5295 2292 5350 tuae

1393 5395 1611 5479 prosperitate
1625 5393 1783 5476 dispone;
1803 5399 1840 5455 ut
1855 5391 1940 5454 inter
1953 5408 2068 5454 omnes
2082 5388 2145 5452 uiae
2160 5395 2195 5450 et
2213 5385 2291 5449 uitae

1491 5613 1654 5679 ²0.p.³87.
2093 5602 2160 5657 ἰὴ.
