5116 6608
296 1496 310 1525 ·
414 1481 451 1536 ut
475 1481 509 1536 et
531 1470 705 1536 creationis
721 1479 788 1534 tuae
808 1470 894 1534 circa
912 1467 1149 1532 mortalitatem
1170 1471 1318 1529 nostram

413 564 484 653 248
741 555 992 634 simoninus.
1697 549 1945 626 ldnubioinnts.

851 807 857 822 ,
944 805 951 822 ‚
1413 748 1555 834 Semper
1583 761 1618 818 et
1647 752 1769 836 ubique
1799 753 1972 819 dominum
2001 753 2181 839 propitium
2211 754 2269 818 ha·

717 806 797 872 iiim
817 807 878 870 ⁸1¹⁸
898 804 1030 889 [numi
1368 850 1483 930 beatis
1498 861 1532 916 et
1547 853 1582 916 in
1597 854 1667 917 eius
1680 852 1834 918 laudibus
1849 854 2018 921 exultetis.
2062 855 2185 922 Amen.

455 959 514 1024 Ab
537 955 691 1023 omnibus
713 975 774 1019 nos
796 955 947 1032 deiende,
962 971 1151 1037 quesumus,
1172 947 1316 1024 domine,
1413 951 1572 1016 Omnium
1603 963 1812 1035 peccatorum
1837 966 2022 1019 uestrorum
2046 957 2178 1022 uincula
2205 956 2271 1022 sol-

412 1078 544 1141 semper
572 1056 730 1131 aduersis,
762 1063 797 1120 et
833 1055 997 1119 continuis
1027 1062 1120 1118 tuere
1158 1049 1318 1132 presidiis.
1369 1060 1437 1130 nat,
1460 1061 1493 1117 et
1515 1051 1559 1116 ad
1586 1052 1727 1135 gloriam
1749 1055 1986 1138 sempiternam
2012 1057 2183 1139 peruenire
2209 1077 2270 1121 uos

414 1160 501 1224 Peg-r
1369 1150 1478 1215 saciat.
1523 1151 1647 1215 Amen.

798 1243 939 1308 Secreta.
1414 1249 1514 1334 Quod
1530 1252 1601 1335 ipse
1616 1261 1771 1335 prestare.

456 1372 645 1446 offerimus,
669 1367 739 1448 tibi,
761 1368 905 1448 domine,
930 1386 1067 1431 munera
1092 1386 1157 1449 que
1187 1360 1317 1434 dedisti,
1875 1434 1881 1448 Ι

1732 1431 1816 1495 Item
1831 1432 1909 1498 alta.

413 1570 633 1637 testificentur
646 1570 818 1646 auxilium,
837 1577 871 1634 et
887 1569 1070 1634 remedium
1086 1565 1182 1630 nobis
1197 1564 1319 1626 inmor·
1414 1551 1615 1636 Multiplicet
1635 1555 1668 1619 in
1691 1555 1786 1621 uobis
1808 1557 1961 1622 dominus
1981 1559 2111 1644 copiam
2132 1581 2200 1624 suae
2215 1562 2272 1625 be-

415 1671 555 1738 talitatis
570 1679 756 1754 operentur,
803 1669 888 1734 perp
1370 1654 1574 1816 &dictionis
1586 1662 1620 1720 et
1635 1655 1806 1720 confirmet
1821 1678 1880 1721 uos
1895 1659 1928 1721 in
1944 1679 2003 1742 spe
2015 1660 2106 1743 regni
2121 1660 2272 1726 caelestis.

1408 1773 1493 1818 men.

713 1846 775 1911 Ad
792 1844 1018 1928 complendum.
1414 1852 1524 1918 Actus
1538 1863 1665 1919 uestros
1688 1857 1839 1941 corrigat,
1855 1859 1961 1922 uitam
1984 1862 2148 1939 emendet,
2163 1881 2272 1926 mores

460 1986 561 2071 Quod
584 2007 641 2052 ore
663 1985 874 2070 sumpsimus,
898 1983 1042 2058 domine,
1070 1989 1183 2045 mente
1210 1979 1320 2062 capia·
1373 1963 1560 2036 ⁶0mP0ss2i2
1583 1963 1617 2020 et
1643 1977 1703 2022 ”⁰⁸
1727 1957 1770 2022 ad
1797 1959 1938 2024 caelestis
1960 1962 2115 2043 paradysi
2144 1961 2273 2026 heredi·

417 2108 499 2166 mus,
520 2096 554 2151 et
578 2087 621 2150 de
648 2106 784 2150 munere
810 2083 987 2168 temporali
1011 2082 1070 2146 fiat
1097 2081 1192 2145 nobis
1216 2098 1320 2143 reme·
1372 2054 1671 2169 tatemperdoucat,
1716 2053 1838 2124 Amen.

415 2188 508 2252 dium
530 2186 777 2271 sempiternum.
824 2185 911 2250 Pers
1305 2185 1306 2188 ¹
1415 2153 1558 2236 Tanque
1578 2157 1760 2221 intentione
1782 2157 1897 2240 repleri
1914 2159 2060 2239 ualeatis,
2075 2181 2141 2244 qua
2164 2161 2193 2226 ei
2211 2161 2271 2228 im.

1372 2263 1568 2337 perpetuum
1585 2256 1752 2338 placeatis.
1792 2257 1914 2344 Amen.

752 2361 815 2426 Ad
824 2361 988 2444 populum.
1416 2352 1516 2437 Quod
1533 2354 1613 2439 ipse.

462 2499 669 2567 Conseruent
699 2519 768 2575 nos,
794 2519 982 2582 quesumus,
1014 2495 1156 2572 domine,
1186 2512 1321 2557 munera
1735 2457 1819 2522 stem
1833 2458 1912 2525 alla·

416 2610 484 2681 tua,
500 2609 535 2666 et
550 2608 709 2664 aetemam
725 2600 830 2664 uitam
844 2598 993 2663 tribuant
1008 2597 1103 2660 nobis
1119 2593 1320 2677 deprecanti·
1417 2577 1640 2645 DeuotiOnem
1666 2591 1810 2647 uestram
1840 2586 1993 2650 dominus
2020 2588 2195 2670 dignanter
2225 2589 2273 2652 in-

417 2701 488 2766 bus,
534 2701 620 2764 Peru
1372 2681 1499 2842 findat,
1516 2689 1549 2744 et
1564 2702 1622 2764 sue
1639 2682 1732 2746 uobis
1747 2683 1985 2750 benedictionis
2001 2687 2089 2751 dona
2104 2691 2274 2754 concedat.

1410 2799 1496 2845 men.

1416 2880 1559 2964 Talique
1582 2904 1642 2948 uos
1666 2883 1698 2946 in
1723 2884 1867 2968 presenti
1891 2885 2002 2969 seculo
2027 2888 2176 2952 subsidio
2202 2909 2275 2952 mu·

581 2965 798 3031 &militium
819 2967 850 3030 1¹¹
870 2963 1154 3030 tfltfflidssifflillmff·
1375 2979 1452 3060 siat,
1473 2991 1511 3045 ut
1533 2984 1688 3066 paradysi
1711 3007 1771 3050 uos
1793 2987 1826 3049 in
1848 2986 1958 3051 futuro
1979 2987 2183 3053 habitatores
2206 2989 2275 3053 effi-

463 3113 646 3179 Benedicat
677 3112 772 3177 uobis
801 3112 966 3190 dominus,
993 3120 1028 3177 et
1058 3109 1224 3176 custodiat
1253 3129 1322 3172 uos.
1375 3081 1458 3195 dai·
1494 3082 1618 3148 Amen·

419 3213 544 3278 Amen.
1422 3179 1544 3264 Sicque
1556 3184 1656 3248 corda
1671 3192 1779 3248 uestra
1793 3186 2030 3252 sanctificando
2045 3188 2228 3265 benedicat,
2241 3198 2275 3253 et

421 3329 425 3336 ⁴
466 3312 645 3377 Inluminet
657 3311 775 3377 faciem
791 3333 885 3377 suam
897 3333 995 3396 super
1007 3333 1077 3388 uos,
1086 3321 1120 3376 et
1132 3311 1326 3375 misereatur
1375 3281 1603 3346 benedicend⁰
1625 3283 1816 3363 sanctificet’
1839 3295 1876 3350 ut
1906 3287 2086 3364 ¹¹⁰bl⁵⁶um’
2110 3291 2213 3353 imm⁰
2243 3290 2275 3352 ln

421 3411 532 3475 uestri·
576 3408 699 3473 Amen·
1377 3383 1480 3461 uobis,
1497 3403 1572 3446 eum
1588 3383 1707 3466 iugiter
1720 3385 1872 3452 habitare
1887 3387 2040 3454 delectet.
2084 3388 2209 3454 Amen.

470 3508 654 3575 Conuertat
669 3506 798 3574 uultum
813 3529 909 3574 suum
924 3508 968 3573 ad
984 3529 1052 3588 uos,
1064 3515 1098 3572 et
1113 3507 1216 3572 donet
1231 3505 1325 3570 uobis
1422 3481 1522 3565 QUOd
1537 3483 1608 3565 ipse
1622 3494 1778 3567 prestare·

423 3629 551 3696 pacem.
596 3608 721 3674 Amen.
1883 3681 1889 3693 ι

468 3708 568 3792 Quod
589 3709 660 3791 ipse
677 3717 835 3792 praestare
850 3708 1013 3791 dignetur,
1031 3707 1123 3772 cuius
1138 3725 1276 3789 regnum
1292 3714 1327 3770 et
1741 3677 1825 3741 stem
1839 3678 1919 3746 alm·

424 3807 600 3891 imperium
616 3808 686 3873 sine
699 3809 764 3873 fine
779 3818 952 3891 permanet
963 3807 997 3871 in
1013 3806 1122 3872 secula
1133 3803 1327 3871 seculorum.
1424 3794 1493 3860 Det
1515 3796 1609 3861 110bi³
1632 3797 1785 3865 dominus
1808 3822 1926 3867 munus
1948 3824 2006 3870 sue
2030 3804 2279 3882 benedict10ss18‚

425 3901 548 3968 Amen.
1381 3905 1415 3960 et
1431 3895 1556 3979 repleat
1572 3919 1631 3962 uos
1646 3899 1761 3982 spiritu
1777 3903 1924 3969 ueritatis
1940 3914 1974 3969 et
1988 3904 2089 3987 pacis.
2133 3904 2257 3969 Amen.

468 4003 662 4069 Benedictio
678 4003 741 4083 dei,
757 4003 868 4086 patris,
883 4011 917 4068 et
932 4003 999 4083 filii,
1016 4012 1050 4067 et
1064 4003 1198 4087 spiritus
1214 4003 1328 4068 sancti.
1425 3995 1591 4079 Quatinus
1611 3999 1657 4062 sic
1680 4019 1740 4082 per
1757 4001 1846 4065 uiam
1861 4003 1976 4068 salutis
1991 4012 2063 4069 tota
2078 4014 2190 4069 mente
2210 4025 2281 4068 cur-

470 4103 516 4167 Et
538 4123 608 4187 pax
630 4103 754 4168 domini
777 4103 820 4168 sit
842 4124 974 4188 semper
996 4103 1177 4169 uobiscum.
1221 4103 1266 4166 R.
1283 4103 1330 4167 Et
1382 4097 1470 4175 ratis,
1485 4105 1523 4162 ut
1545 4098 1796 4182 subripientium
1816 4101 2010 4168 delictorum
2034 4103 2170 4188 laqueos
2194 4105 2282 4170 salu-

426 4224 510 4268 cum.
1382 4195 1484 4260 briter
1506 4198 1666 4262 euadatis.
1710 4198 1834 4264 Amen.

792 4302 876 4367 Item
891 4302 970 4367 alia.
1428 4295 1548 4379 Sicque
1564 4297 1748 4364 efficiamini
1764 4299 1796 4362 in
1818 4300 1887 4364 eius
1907 4301 2146 4385 supplicatione
2161 4304 2283 4382 deuoti,

472 4427 694 4512 Omnipotens
705 4428 788 4492 deus
803 4449 863 4493 sua
879 4449 937 4492 uos
953 4427 1128 4493 clementia
1143 4428 1330 4503 benedicat,
1383 4403 1417 4460 et
1440 4396 1472 4460 in
1494 4407 1608 4510 ΨΜ
1625 4396 1799 4511 dllffctlm‘e
1812 4401 1930 4514 ‚Sincesi
1946 4402 1990 4467 ad
2006 4401 2128 4484 cileste
2143 4423 2281 4487 ‘egnum

428 4537 462 4592 et
484 4547 618 4592 sensum
640 4527 674 4590 in
700 4528 795 4592 uobis
817 4528 978 4612 sapientie
1000 4527 1152 4593 salutaris
1170 4527 1330 4592 infundat.
1383 4516 1553 4611 pesuemf‘f
1569 4507 1701 4578 9⁰⁸⁵¹t¹⁵
1717 4518 1832 4563 secun·
1876 4498 1998 4566 Amen·
2077 4553 2080 4560 ¹

426 4627 551 4692 Amen·
1427 4593 1527 4678 Quod
1544 4613 1622 4679 ipse.
1846 4699 1852 4712 .

471 4727 644 4811 Catholice
667 4727 744 4792 fidei
768 4749 827 4793 uos
846 4729 1053 4794 documentis
1077 4728 1227 4803 enutriat,
1244 4733 1278 4792 et
1296 4726 1330 4792 in
1789 4697 1880 4762 Aba·

427 4828 550 4894 sanctis
566 4828 722 4911 operibus
736 4827 996 4912 perseuerabiles
1011 4828 1139 4893 reddat.
1162 4827 1285 4892 Amen.
1428 4820 1599 4886 Concedat
1621 4822 1715 4886 uobis
1741 4823 1952 4906 omnipotens
1979 4825 2060 4888 deus
2085 4845 2203 4890 munus
2225 4848 2284 4908 sue

473 4927 613 4992 Gressus
635 4938 763 4993 uestros
785 4928 829 4993 ab
851 4947 958 4992 errore
980 4937 1160 5003 conuertat‚
1185 4936 1219 4991 et
1242 4928 1331 4991 uiam
1382 4919 1632 4997 benedictionis,
1645 4921 1702 5005 qui
1719 4931 1837 4986 uestrae
1851 4925 2059 4989 esiconscius
2075 4923 2285 4991 infirmitatis.

430 5028 525 5091 uobis
539 5028 631 5110 pacis
647 5037 680 5092 et
696 5027 841 5092 caritatis
856 5029 1020 5094 ostendat.
1065 5026 1187 5091 Amen.
1382 5018 1505 5084 Amen·

473 5127 574 5212 Quod
590 5129 662 5211 ipse
676 5138 842 5211 praestare.
1428 5119 1475 5185 Et
1504 5121 1561 5203 qui
1594 5122 1689 5185 uobis
1727 5122 1842 5187 tribuit
1879 5122 2083 5207 supplicandi
2121 5123 2287 5204 affectum,

936 5293 944 5307 ⁶
1383 5218 1507 5283 tribuat
1529 5221 1762 5285 consolationis
1784 5221 1955 5286 auxilium.
2000 5221 2124 5286 Amen.

791 5292 816 5356 J
813 5303 875 5358 tem
893 5293 971 5359 ΔΨ·
1427 5318 1475 5383 Vt
1495 5319 1539 5384 ab
1563 5341 1603 5384 eo
1618 5331 1652 5386 et
1668 5323 1828 5403 presentis
1848 5331 1882 5386 et
1896 5320 2005 5406 future
2020 5322 2088 5403 uite
2103 5321 2288 5386 subsidium

474 5417 615 5483 Inclinet
638 5419 792 5498 dominus
814 5439 927 5484 aurem
947 5439 1041 5483 suam
1059 5418 1102 5483 ad
1127 5436 1240 5501 preces
1258 5438 1333 5482 ues·
1385 5418 1531 5502 capiatis,
1546 5419 1638 5484 cuius
1654 5441 1713 5484 uos
1733 5421 1882 5485 bonitate
1903 5431 2031 5487 creatos
2052 5441 2123 5486 esse
2145 5421 2289 5486 creditis·

430 5529 492 5584 trae
506 5518 712 5598 humilitatis,
728 5529 762 5584 et
784 5520 843 5586 det
863 5519 957 5584 uobis
978 5519 1120 5603 gratiam
1143 5539 1211 5582 suae
1233 5517 1334 5583 bene-
1386 5517 1511 5582 Amen.

433 5619 595 5701 dictionis,
611 5629 646 5686 et
661 5621 824 5704 premium
838 5618 1038 5704 sempiterne
1052 5618 1178 5684 salutis.
1209 5617 1332 5684 Amen.
1432 5617 1533 5702 Quod
1549 5619 1630 5703 ipse.
