5122 6610
432 626 501 697 194

739 603 824 722 ‚³9¹⁸
839 604 984 680 intruis.

402 807 622 893 egritudine,
654 814 689 874 et
722 806 865 872 sanitate
897 807 1058 872 donatum
1094 807 1235 873 dextera
1271 816 1329 874 tua

427 910 542 993 erigas,
566 908 687 973 uirtute
717 906 900 982 confirmes,
924 915 1093 990 potestate
1123 909 1254 990 tuearis,
1277 930 1329 974 ec·

425 1008 535 1073 clesiae
556 1015 624 1072 tuae
646 1008 834 1090 sanctisque
856 1006 1015 1070 altaribus
1041 1009 1116 1087 tuis,
1139 1028 1215 1073 cum
1238 1010 1327 1074 omni

426 1108 612 1173 desiderata
627 1107 846 1192 prosperitate
862 1107 1027 1172 restituas.
1072 1107 1160 1172 Pers

580 1301 788 1366 Brrmrttisttr
809 1300 964 1383 pmitrntis
986 1304 1025 1365 st
1043 1306 1172 1366 meten.

469 1451 563 1514 Deus
586 1447 778 1525 misericors,
794 1450 875 1514 deus
898 1448 1052 1529 clemens,
1067 1451 1123 1533 qui
1146 1450 1328 1515 secundum

426 1549 673 1615 multitudinem
689 1549 940 1613 miserationum
956 1558 1089 1614 tuarum
1110 1558 1248 1631 peccata
1268 1571 1327 1633 pe-

426 1649 602 1713 nitentium
626 1647 727 1725 deles,
749 1657 783 1713 et
806 1648 1041 1732 preteritorum
1064 1648 1237 1713 criminum
1260 1649 1328 1713 cul·

424 1769 485 1831 pas
516 1749 613 1813 uenia
643 1747 845 1813 remissionis
875 1767 1017 1812 euacuas
1029 1769 1038 1828 ;
1076 1747 1201 1830 respice
1230 1768 1329 1830 super

425 1848 513 1913 hunc
524 1847 686 1913 famulum
701 1857 805 1927 tuum,
817 1856 851 1911 et
864 1847 1091 1911 remissionem
1105 1847 1166 1910 sibi
1179 1849 1328 1912 omnium

424 1959 636 2030 peccatorum
660 1967 792 2012 suorum
811 1957 885 2012 tota
899 1946 1008 2012 cordis
1025 1946 1230 2012 consessione
1251 1969 1329 2031 pos·

425 2057 557 2112 centem
577 2050 773 2130 deprecatus
789 2047 923 2111 exaudi.
970 2045 1112 2110 Renoua
1129 2047 1162 2110 in
1186 2068 1234 2126 eo,
1251 2048 1328 2130 piis-

425 2145 508 2211 sime
532 2157 637 2230 pater,
660 2147 816 2230 quicquid
839 2156 969 2211 terrena
992 2145 1170 2229 fragilitate
1193 2167 1328 2232 corrup-

426 2255 507 2322 tum,
537 2246 591 2310 uel
628 2247 783 2329 quicquid
821 2245 986 2311 diabolica
1019 2245 1135 2312 fraude
1166 2247 1327 2311 uiolatum

426 2356 486 2421 est,
504 2355 538 2409 et
561 2347 594 2409 in
617 2345 745 2411 unitate
760 2346 905 2429 corporis
920 2345 1067 2411 ecclesiae
1088 2356 1146 2428 tue
1162 2347 1326 2412 membro-

426 2466 499 2509 rum
514 2444 660 2528 perfecta
682 2445 874 2510 remissione
894 2446 1039 2528 restitue.
1084 2445 1251 2522 Miserere,
1268 2447 1328 2510 do·

426 2546 526 2620 mine,
555 2544 749 2629 gemituum,
776 2545 930 2610 miserere
960 2544 1177 2622 lacrimarum,
1202 2555 1236 2610 et
1260 2567 1326 2610 non

425 2644 605 2708 habentem
621 2639 813 2732 fidutia(m),
828 2645 890 2709 nisi
908 2645 940 2708 in
963 2653 1021 2709 tua
1037 2644 1269 2724 misericordia,
1284 2645 1327 2710 ad

426 2755 669 2810 sacramentum
686 2744 957 2810 reconciliationis
972 2745 1122 2810 admitte.
1169 2745 1254 2808 Per.t

830 2921 922 2986 Alia.

471 3046 685 3113 Maiestatem
715 3055 819 3119 tuam,
844 3046 990 3121 domine,
1015 3044 1181 3129 supplices
1211 3045 1327 3129 depre-

426 3149 548 3225 camur,
563 3153 601 3210 ut
622 3145 698 3210 huic
714 3145 838 3209 lamulo
853 3155 913 3211 tuo
928 3145 1029 3229 longo
1045 3145 1198 3226 squalore
1221 3145 1327 3228 poeni-

425 3247 541 3311 tentiae
562 3255 730 3310 macerato
752 3245 970 3311 miserationis
986 3253 1053 3310 tuae
1069 3245 1200 3310 ueniam
1219 3244 1327 3329 largiri

426 3345 579 3429 digneris,
600 3354 646 3421 ut,
670 3344 809 3428 nuptiali
833 3355 927 3410 ueste
951 3353 1091 3428 recepta,
1114 3344 1158 3409 ad
1181 3343 1327 3428 regalem

427 3467 586 3527 mensam,
602 3445 690 3512 unde
713 3445 835 3510 eiectus
857 3444 972 3524 suerat,
994 3453 1160 3510 mereatur
1183 3443 1326 3509 introire.

427 3546 513 3612 Per.⁷

494 3732 607 3806 Missa
628 3749 680 3814 prr
701 3731 813 3794 interro
834 3731 884 3812 qut
904 3731 1051 3812 prusinas
1073 3735 1119 3795 st
1137 3728 1225 3793 murti
1234 3731 1253 3793 ¹.

473 3875 694 3960 Omnipotens
709 3873 909 3958 sempiterne
924 3875 1015 3952 deus,
1031 3883 1245 3940 conseruator
1259 3875 1328 3939 ani·

427 3996 566 4053 marum,
581 3975 637 4057 qui
653 3994 737 4057 quos
757 3975 867 4058 diligis
887 3975 1032 4057 corripis,
1049 3983 1083 4039 et
1105 3995 1189 4058 quos
1212 3975 1329 4058 recipis

426 4077 491 4160 piae
513 4075 558 4141 ad
585 4073 852 4139 emendationem
879 4072 1043 4152 coherces,
1068 4083 1103 4139 te
1127 4074 1327 4150 inuocamus,

427 4177 570 4252 domine,
595 4183 632 4238 ut
654 4174 821 4238 medelam
843 4183 935 4238 tuam
959 4172 1106 4261 conferre
1129 4173 1273 4257 digneris
1296 4173 1329 4237 in

426 4275 572 4339 animam
589 4273 702 4337 famuli
717 4275 775 4348 tui,
791 4273 848 4355 qui
867 4273 900 4337 in
920 4293 1056 4355 corpore
1077 4273 1203 4356 patitur
1224 4270 1328 4340 inern-

426 4375 561 4438 brorum
599 4372 872 4449 debilitationem,
910 4373 979 4437 uim
1017 4374 1149 4449 laboris,
1179 4373 1329 4437 stimulos

427 4473 664 4538 infirmitatum.
709 4472 765 4535 Da
788 4472 826 4551 ei,
842 4473 986 4550 domine,
1004 4473 1146 4556 gratiam
1170 4481 1272 4551 tuam,
1292 4483 1329 4537 ut

427 4575 461 4637 in
485 4572 568 4637 hora
594 4573 706 4636 exitus
729 4573 779 4636 sui
803 4572 846 4636 de
871 4592 1018 4656 corpore,
1045 4573 1172 4655 absque
1202 4574 1347 4656 peccati·

430 4671 560 4737 macula
576 4672 636 4736 tibi
652 4671 759 4736 datori
775 4671 908 4755 proprio
925 4692 985 4754 per
1004 4693 1121 4737 manus
1140 4682 1329 4737 sanctorum

426 4772 620 4857 angelorum
656 4773 872 4854 representari
909 4781 1074 4837 mereatur
1103 4771 1173 4836 eius
1208 4772 1327 4836 anima.

427 4873 490 4938 Per
505 4873 678 4937 dominum
693 4880 851 4936 nostrum.

807 5045 947 5111 Secreta.

470 5172 611 5249 Adesto,
624 5172 767 5250 domine,
782 5191 843 5255 pro
858 5181 917 5236 tua
931 5172 1066 5254 pietate,
1081 5169 1329 5253 supplicationi·

309 5321 310 5326 η
426 5272 490 5337 bus
506 5273 634 5350 nostris,
651 5281 685 5337 et
707 5273 836 5354 suscipe
856 5271 1009 5350 hostiam,
1024 5290 1125 5354 quam
1145 5270 1205 5333 tibi
1221 5269 1328 5333 offeri-

428 5393 502 5435 mus
524 5393 584 5456 pro
606 5371 730 5436 famulo
752 5381 811 5436 tuo
835 5370 891 5436 ,ill
914 5372 1078 5436 iacentem
1105 5371 1139 5433 in
1164 5370 1328 5453 grabatto,

427 5472 567 5562 salutem
596 5491 663 5535 non
689 5472 835 5554 corporis
861 5472 920 5535 sed
948 5472 1069 5536 animae
1096 5490 1165 5532 suae
1190 5471 1327 5552 petenti.

589 5660 599 5690 ¹
616 5659 641 5712 S.
653 5675 678 5728 p.
691 5661 754 5728 639;
771 5659 888 5726 Toumsy
900 5659 996 5723 Misssl,
1010 5659 1073 5710 edit.
1085 5674 1094 5709 1
1099 5673 1155 5724 ⁵40·

1706 604 1956 699 murmane.

1382 809 1515 888 Praesta,
1529 806 1741 890 omnipotens
1763 807 1855 885 deus,
1872 807 2111 892 indulgentiam
2134 807 2281 875 omnium

1381 907 1592 992 iniquitatum
1605 928 1749 980 suarum,
1760 915 1896 990 propter
1907 907 2090 972 inmensam
2103 909 2282 974 misericor-

1381 1008 1471 1071 diam
1487 1017 1590 1085 tuam,
1608 1015 1642 1072 et
1660 1026 1719 1090 per
1741 1006 2009 1071 intercessionem
2025 1007 2172 1072 omnium
2188 1027 2282 1072 sanc·

1381 1116 1489 1170 torum
1500 1115 1649 1185 tuorum3
1670 1116 1707 1170 ut
1717 1125 1776 1188 per
1784 1104 1848 1170 hoc
1860 1108 1951 1188 quod
1962 1107 2102 1172 sustinet
2113 1106 2281 1190 flagellum

1380 1227 1401 1270 a
1416 1205 1539 1272 sanctis
1554 1204 1682 1288 angelis
1693 1205 1759 1270 tuis
1771 1214 1923 1289 suscepta
1935 1207 2108 1289 peruenire
2119 1217 2283 1273 mereatur
2388 1245 2391 1253 ι

1380 1308 1423 1371 ad
1442 1315 1500 1388 tue
1514 1305 1621 1390 glorie
1635 1324 1783 1388 regnum.
1828 1303 1900 1370 Per.

1716 1480 1759 1544 In
1774 1479 1951 1563 fractione.

1426 1608 1525 1674 Hanc
1547 1608 1648 1694 igitur
1669 1606 1872 1672 oblationem
1895 1626 1996 1690 quam
2019 1605 2079 1670 tibi
2104 1606 2280 1684 offerimus,

1380 1707 1528 1786 domine,
1550 1729 1611 1792 pro
1635 1707 1760 1772 famulo
1786 1715 1846 1772 tuo
1875 1705 1932 1772 ‚ill
1959 1715 1997 1770 ut
2024 1706 2083 1770 des
2108 1707 2138 1771 ei
2162 1706 2284 1774 celeste

1379 1806 1578 1873 desiderium
1595 1807 1628 1870 in
1640 1806 1721 1871 hora
1735 1805 1845 1870 exitus
1857 1807 2001 1889 corporis
2017 1807 2067 1870 sui
2080 1815 2114 1870 et
2132 1807 2282 1890 spiritum

1379 1906 1545 1989 refrigerii,
1572 1904 1771 1989 Quesumus,
1794 1905 1940 1981 domine,
1963 1913 2000 1970 ut
2023 1904 2175 1989 placatus
2197 1909 2282 1972 acci·

1404 2027 1464 2070 ras.

1379 2026 1402 2089 p
1653 2110 1655 2112 ·
1675 2090 1737 2154 Ad
1754 2089 1984 2175 complendum.

1423 2212 1555 2282 Gratias
1573 2215 1711 2300 agimus,
1727 2217 1871 2292 domine,
1888 2215 2125 2299 multiplicibus
2148 2217 2283 2303 largita·

1379 2317 1468 2383 tibus
1490 2317 1565 2397 tuis,
1589 2338 1633 2381 ex
1655 2316 1776 2400 quibus
1798 2316 1927 2381 animas
1952 2316 1985 2380 in
2010 2323 2045 2382 te
2068 2321 2282 2400 sperantium,

1379 2420 1500 2484 satiare
1514 2418 1689 2485 consuesti.
1735 2417 1769 2481 N
1772 2438 1826 2482 am
1849 2417 1916 2482 fide
1937 2426 1996 2482 tua
2018 2417 2145 2502 pietate
2169 2440 2283 2503 preca·

1379 2539 1453 2582 mur
1482 2527 1519 2584 ut
1550 2518 1705 2584 miserere
1734 2516 1879 2602 digneris
1908 2517 2034 2581 ramulo
2063 2527 2122 2583 tuo
2153 2518 2210 2584 .r'll.
2240 2541 2284 2585 ne

1379 2619 1551 2703 preualeat
1585 2618 1747 2682 aduersus
1782 2637 1858 2682 eum
1893 2617 2101 2684 aduersarius
2138 2618 2171 2682 in
2200 2618 2283 2684 hora

1380 2720 1490 2784 exitus
1505 2719 1555 2782 sui
1570 2719 1613 2782 de
1626 2737 1763 2800 corpore
1775 2717 1834 2782 sed
1850 2717 2025 2783 transitum
2041 2716 2165 2783 habere
2178 2739 2284 2784 rnere·

1379 2827 1455 2884 atur
1468 2818 1512 2883 ad
1528 2818 1641 2883 uitam.
1686 2816 1758 2882 Per.

1524 3074 1636 3150 Missa
1656 3090 1746 3158 suprr
1766 3074 1930 3158 trampus
1947 3075 2114 3140 bisuntium
2125 3077 2145 3140 ¹.

1423 3223 1478 3291 Da
1508 3221 1623 3302 nobis,¹
1641 3221 1783 3301 domine,
1815 3229 1851 3286 ut
1881 3220 1993 3285 anima
2022 3220 2138 3287 famuli
2169 3223 2217 3288 tui
2249 3233 2284 3287 et

1379 3323 1559 3390 sacerdotis
1581 3322 1629 3387 tui
1646 3321 1793 3405 episcopi
1810 3320 1866 3386 .ill.
1882 3341 1983 3405 quam
2006 3321 2049 3386 de
2072 3323 2136 3388 hoc
2159 3323 2282 3388 saeculo

1380 3425 1522 3489 educens
1544 3422 1709 3486 laborioso
1730 3421 1910 3487 certamine
1932 3431 2122 3486 sanctorum
2150 3434 2282 3489 tuorum

1380 3524 1476 3590 caetui
1491 3523 1616 3588 tribuas
1632 3541 1704 3588 esse
1719 3529 1915 3587 consortem.
1961 3521 2047 3586 Per.t

1761 3697 1901 3763 Secreta.

1423 3823 1547 3908 Annue
1563 3824 1666 3904 nobis,
1678 3824 1821 3900 domine,
1833 3832 1870 3888 ut
1882 3823 1992 3888 anime
2003 3821 2116 3889 famuli
2130 3834 2163 3890 et
2175 3845 2282 3890 sacer·

1380 3927 1468 3990 dotis
1493 3925 1540 3989 tui
1563 3923 1620 3989 .ill.
1641 3923 1787 4006 episcopi
1809 3921 1881 3987 haec
1904 3922 2008 4005 prosit
2030 3923 2165 3999 oblatio,
2182 3945 2283 4007 quam

1380 4023 1583 4090 immolando
1595 4023 1698 4088 totius
1711 4023 1826 4087 mundi
1842 4021 1985 4087 tribuisti
1998 4023 2140 4088 relaxari
2152 4024 2282 4089 delicta.

1381 4127 1465 4190 Per.⁷

1712 4221 1754 4286 In
1768 4221 1945 4304 fractione.

1426 4349 1524 4414 Hanc
1536 4347 1636 4432 igitur
1644 4344 1849 4412 oblationem
1862 4367 1962 4430 quam
1975 4345 2035 4412 tibi
2047 4347 2213 4413 offerimus
2223 4368 2284 4431 pro

1380 4447 1696 4514 commemoratione
1717 4442 1964 4533 depositioni(s)
1979 4447 2089 4530 anime
2110 4445 2225 4512 famuli
2249 4459 2284 4513 et

1380 4547 1560 4613 sacerdotis
1577 4546 1625 4611 tui
1644 4543 1701 4610 ,ill
1718 4533 1864 4629 episcopi
1879 4565 2066 4628 quesumus,
2082 4547 2225 4624 domine,
2245 4559 2284 4613 ut

1380 4648 1529 4732 placatus
1543 4645 1694 4728 accipias,
1707 4655 1740 4709 et
1753 4665 1852 4728 quem
1868 4644 1901 4709 in
1914 4665 2051 4729 corpore
2066 4645 2282 4712 constitutum

1380 4745 1602 4831 gubernaculo
1619 4743 1913 4828 apostolicaesedis
1936 4766 2068 4829 preesse
2090 4746 2231 4820 uoluisti,
2249 4747 2282 4811 in

1380 4847 1559 4912 electorum
1574 4855 1705 4911 tuorum
1723 4863 1858 4908 nurnero
1874 4847 2038 4911 constitue
2060 4846 2281 4911 sacerdotum.

1381 4946 1528 5031 Diesque
1544 4955 1698 5010 nostros.l

1783 5041 1876 5107 Alia.

1424 5168 1597 5233 Memento
1619 5168 1729 5246 etiarn,
1756 5167 1898 5244 domine,
1921 5165 2118 5230 famulorum
2141 5167 2283 5232 famula-

1381 5289 1519 5351 mmque
1548 5279 1678 5332 tuarum
1701 5267 1757 5333 ‚r'll.
1782 5267 1837 5350 qui
1865 5285 1926 5331 nos
1952 5275 2180 5349 precesserunt
2205 5287 2280 5332 curn

1380 5369 1476 5452 signo
1490 5367 1567 5431 fidei
1583 5376 1617 5432 et
1635 5368 1804 5431 dormiunt
1827 5367 1859 5430 in
1882 5385 2036 5430 somnum
2059 5366 2158 5449 pacis.
2205 5365 2282 5434 Istis

1381 5478 1416 5533 et
1448 5468 1610 5546 omnibus,
1640 5467 1783 5543 domine,
1815 5467 1848 5528 in
1884 5464 2006 5530 christo
2037 5465 2281 5547 quiescentibus

1674 5655 1684 5686 ¹
1701 5654 1780 5721 super
1791 5655 1894 5721 aspires
1905 5655 1977 5707 ov.
