5124 6608
495 602 650 690 §abban
667 605 769 680 tnutt.
786 603 877 680 llnt

452 849 585 916 zeutan
607 845 699 919 insti.
719 851 914 918 bnunibnnl

495 997 556 1062 Ad
574 1009 723 1064 sanctum
736 1009 879 1084 petrum.

284 1121 504 1206 Omnipotens
527 1126 727 1208 sempiterne
752 1127 843 1204 deus,
865 1123 922 1208 qui
949 1144 1008 1207 per
1033 1123 1138 1189 conti·

242 1224 384 1288 nentiam
421 1222 600 1315 salutarem
634 1235 668 1290 et
705 1223 897 1308 corporibus
931 1222 1071 1287 mederis
1105 1230 1138 1287 et

243 1323 414 1398 mentibus,
431 1323 641 1390 maiestatem
655 1333 748 1390 tuam
763 1324 928 1408 supplices
952 1343 1137 1398 exoramus,

243 1434 277 1487 ut
291 1423 346 1505 pia
361 1423 578 1488 ieiunantium
593 1425 827 1507 deprecatione
842 1423 1000 1508 placatus,
1016 1432 1050 1488 et
1065 1443 1138 1506 pre·

242 1523 344 1586 sentia
358 1522 454 1586 nobis
472 1522 619 1588 subsidia
637 1524 776 1606 prebeas
791 1530 825 1588 et
840 1523 957 1588 sutura.
1003 1522 1088 1586 Per*

643 1685 737 1750 Alia.

283 1811 339 1876 Da
354 1810 459 1889 nobis,
472 1831 663 1894 quesumus,
678 1812 889 1896 omnipotens
904 1810 995 1890 deus,
1007 1819 1045 1876 ut
1060 1811 1138 1876 ieiu-

243 1912 351 1975 nando
366 1920 424 1976 tua
439 1913 545 1995 gratia
559 1911 727 1988 satiemur,
744 1922 778 1978 ct
796 1912 996 1977 abstinendo
1014 1911 1139 1976 cunctis

243 2010 420 2076 efficiamur
433 2009 584 2075 hostibus
599 2010 760 2077 fortiores.
805 2011 872 2076 Per>
885 2011 1082 2076 dominum.t

644 2172 737 2239 Αἱία.

284 2297 402 2374 Tuere,
424 2317 614 2381 quesumus,
638 2298 780 2378 domine,
797 2297 958 2363 familiam
981 2305 1083 2378 tuam,
1103 2307 1141 2363 ut

244 2394 357 2462 salutis
378 2403 501 2460 aeteme
518 2394 673 2470 remedia,
689 2415 773 2478 quae,
789 2403 824 2460 te
841 2394 1018 2477 aspirante,
1035 2395 1141 2478 requi-

245 2495 352 2572 rimus,
362 2505 397 2560 te
408 2494 576 2580 largiente,
585 2515 836 2578 consequamur.
863 2495 925 2560 Per
934 2495 1129 2561 dominum?

644 2657 736 2723 Alcis.

286 2783 420 2862 Praesta,
441 2803 631 2867 quesumus,
652 2782 797 2860 domine,
819 2784 865 2849 sic
888 2803 949 2848 nos
971 2784 1015 2849 ab
1035 2785 1142 2867 epulis

245 2882 426 2948 carnalibus
436 2883 610 2962 abstinere,
623 2893 660 2949 ut
673 2903 695 2947 a
706 2883 794 2948 uitiis
810 2883 1009 2950 irruentibus
1019 2885 1143 2967 pariter

245 2982 435 3047 ieiunemus.
481 2982 566 3048 Peru

632 3065 756 3157 [Attal.

284 3193 333 3258 Vt
357 3213 427 3269 nos,
448 3193 590 3271 domine,
611 3194 727 3259 tribuis
748 3193 909 3259 sollemne
930 3194 990 3260 tibi
1016 3194 1142 3260 deferre

245 3291 408 3371 ieiunium,
419 3293 466 3359 sic
477 3294 584 3371 nobis,
596 3313 783 3377 quesumus,
796 3293 1009 3379 indulgentiae
1021 3304 1142 3378 praesta

244 3391 435 3457 subsidium.
480 3393 565 3458 Pers

579 3480 641 3544 Ad
660 3479 805 3546 messam.

287 3603 388 3683 Deus,
403 3605 459 3688 qui
482 3603 588 3670 tribus
609 3605 719 3688 pueris
742 3605 902 3689 mitigasti
921 3603 1073 3670 flammas
1094 3607 1142 3689 ig·

246 3703 344 3782 nium,
359 3705 505 3770 concede
520 3706 681 3788 propitius
696 3715 733 3770 ut
748 3725 809 3769 nos
823 3705 966 3770 famulos
980 3713 1057 3770 tuos
1075 3725 1141 3770 non

245 3812 363 3869 exurat
377 3803 515 3869 flamma
528 3805 694 3870 uitiorum.
740 3803 825 3870 Pera

623 3966 764 4033 Secreta.

290 4090 455 4168 Concede,
465 4111 654 4174 quesumus,
666 4091 877 4176 omnipotens
888 4090 980 4168 deus,
992 4101 1029 4157 ut
1040 4091 1143 4157 oculis

244 4201 310 4256 tuae
332 4193 516 4258 maiestatis
538 4210 657 4256 munus
672 4191 821 4256 oblatum
837 4201 871 4258 et
890 4193 1032 4275 gratiam
1048 4191 1143 4256 nobis

245 4291 430 4355 deuotionis
452 4291 610 4374 optineat,
632 4299 667 4355 et
693 4291 847 4357 effectum
869 4292 967 4374 beate
994 4291 1143 4375 perenni-

244 4390 323 4455 tatis
338 4390 504 4475 adquirat.
551 4390 638 4457 Pers

603 4553 777 4638 Prasatio.

289 4676 333 4743 U.
349 4677 393 4743 D.
408 4689 532 4746 aeteme
552 4682 644 4745 deus.
689 4679 737 4745 Et
753 4677 814 4745 tibi
837 4677 1041 4745 sanctificare
1065 4679 1143 4743 ieiu-

813 4868 960 4919 Benedictns
971 4885 1006 4919 es.

762 4957 789 4998 v,
800 4947 951 5005 Benedicite,
963 4947 1049 4998 omnia
1057 4963 1142 5014 opera,

849 5025 962 5079 domino.

761 5114 789 5155 v.
801 5103 951 5164 Benedicite,
959 5104 1021 5165 mli,
1032 5105 1142 5156 domino.

761 5193 788 5233 ν.
806 5181 956 5241 Benedicite,
985 5183 1068 5249 angeli
1097 5182 1143 5232 do·

848 5261 918 5322 mini,
930 5261 1041 5312 domino.

761 5337 870 5388 Ymnnm
881 5338 966 5396 dicite,
976 5346 1007 5389 ut
1016 5347 1102 5405 supra.

761 5427 806 5466 rs.
817 5415 930 5466 Landate
942 5416 1079 5468 domiuum.

760 5505 788 5544 ν.
800 5495 926 5558 Quoniam
937 5495 1074 5546 confirmet.

760 5583 804 5622 os.
816 5571 934 5635 Domine,
946 5573 1006 5624 dens
1017 5573 1115 5626 salutis.

760 5661 803 5702 co.
816 5649 903 5702 Mense
914 5650 1031 5718 septimo.

277 4865 287 4896 ¹
303 4877 329 4916 a
341 4867 440 4930 Venite,
452 4868 592 4919 adoremus.

306 4957 343 4996 ss
356 4945 562 5013 Preoccnpemns.

305 5035 331 5074 lt.
343 5023 415 5074 lacta
427 5025 613 5089 cogitationem.

305 5112 333 5152 v.
344 5101 413 5152 Dum
425 5102 567 5153 clamarem.

305 5190 331 5231 s.
342 5180 390 5230 Ad'
402 5180 531 5231 dominnm
547 5180 607 5231 dnm
626 5180 668 5231 tri·

376 5257 481 5308 bnlnrer.

305 5345 333 5385 v,
343 5335 461 5396 Domine,
473 5336 561 5388 libem.

305 5425 331 5464 lt.
343 5413 477 5480 Propitius.

304 5501 330 5542 v,
343 5491 445 5542 Adinnn
456 5508 512 5546 nos.

301 5582 327 5619 n.
339 5571 403 5634 Quis
415 5570 479 5621 sicut
489 5570 611 5624 dominns.

303 5657 330 5697 v.
342 5647 442 5700 Suscita
452 5663 505 5701 nos.

1394 599 1499 676 llum.
1517 598 1576 674 tit.
1593 611 1664 693 pust
1681 599 1897 693 limutnsttn.
2021 621 2089 692 123

1191 799 1292 879 nium,
1309 801 1398 885 quod
1422 821 1483 867 nos
1504 800 1549 866 ob
1571 799 1824 867 aedifimtionem
1848 801 2034 867 animarum
2057 813 2091 868 ct

1190 902 1442 985 castigationem
1465 921 1640 985 corporum
1661 921 1793 966 seruare
1815 902 1979 982 docuisti3
2014 903 2092 987 quia

1191 1002 1346 1066 restrictis
1369 1001 1569 1084 corporibus,
1591 1001 1712 1065 animae
1735 1002 1935 1084 saginantur,
1957 1002 1996 1066 In
2022 1023 2091 1086 quo

1190 1100 1292 1165 homo
1307 1110 1419 1166 noster
1434 1099 1589 1184 affligitur
1604 1101 1749 1166 exterior
1767 1101 1925 1166 dilatatur
1946 1102 2090 1166 interior.

1190 1199 1370 1278 Memento,
1385 1219 1572 1282 quesumus,
1587 1199 1732 1276 domine,
1748 1201 1943 1266 ieiuniorum
1963 1211 2090 1266 nostro-

1190 1319 1272 1378 rum,
1287 1308 1322 1363 et
1337 1298 1631 1363 misericordiarum
1646 1307 1790 1378 tuarum,
1805 1321 1889 1384 quas
1910 1300 2090 1384 peccatori·

1189 1397 1252 1462 bus
1266 1398 1321 1481 pie
1335 1416 1467 1480 semper
1486 1396 1707 1462 ieiunantibus
1722 1399 1896 1478 contulisti,
1912 1410 1946 1465 et
1968 1408 2090 1483 praesta

1190 1506 1317 1562 utnon
1338 1496 1446 1562 solum
1468 1516 1490 1561 a
1511 1496 1615 1580 cybis,
1638 1498 1696 1562 sed
1719 1519 1740 1564 a
1766 1499 1911 1583 peccatis
1936 1498 2090 1563 omnibus
2203 1559 2208 1568 .

1189 1597 1404 1674 abstinentes,
1434 1596 1621 1661 deuotionis
1650 1596 1711 1662 tibi
1741 1598 1860 1663 ieiunio
1890 1597 2090 1682 placeamus.

1191 1696 1254 1760 Per
1268 1693 1428 1761 christum
1438 1695 1459 1760 ¹.

1487 1780 1549 1846 Ad
1565 1781 1794 1865 complendum.

1235 1905 1409 1971 Perficiant
1432 1907 1464 1970 in
1486 1906 1591 1984 nobis,
1612 1904 1785 1994 (domine),
1806 1916 1865 1973 tua
1885 1918 2091 1974 sacramenta

1191 2007 1281 2090 quod
1312 2007 1491 2085 continent,
1516 2016 1554 2072 ut
1580 2027 1656 2090 quae
1689 2029 1774 2072 nunc
1805 2008 1916 2091 specie
1944 2009 2091 2094 gerimus

1192 2126 1301 2170 rerum
1317 2106 1457 2170 ueritate
1472 2107 1664 2190 capiamus*
1723 2107 1786 2172 Per
1794 2105 1816 2172 ².

1383 2315 1473 2382 Dum
1490 2317 1577 2383 cuttu.
1597 2324 1667 2401 pust
1687 2320 1891 2402 pentecosten.⁸

1236 2447 1362 2534 (COLL.
1384 2450 1446 2525 Da,
1462 2470 1649 2534 quesumus,
1664 2453 1807 2533 domine,
1823 2449 1972 2538 populo).

1237 2549 1459 2633 Omnipotens
1488 2553 1688 2634 sempiterne
1717 2555 1808 2633 deus,
1836 2553 2092 2618 misericordiam

1193 2657 1286 2714 tuam
1308 2650 1449 2714 ostende
1470 2650 1682 2734 supplicibus,
1701 2661 1738 2716 ut
1760 2653 1818 2735 qui
1840 2653 1883 2719 de
1901 2653 2093 2718 meritorum

1193 2748 1354 2832 qualitate
1375 2749 1555 2814 diffidimus
1577 2770 1645 2814 non
1668 2751 1824 2817 iudicium
1846 2761 1942 2817 tuum
1963 2751 2024 2817 sed
2044 2752 2093 2815 in·

1193 2847 1401 2931 dulgentiam
1415 2849 1608 2914 sentiamus.
1653 2849 1716 2916 Per
1730 2850 1913 2918 dominum.

1573 2984 1715 3051 Secreta.

1239 3108 1349 3173 Huius
1370 3116 1414 3188 te,
1436 3109 1580 3188 domine,
1603 3113 1747 3176 muneris
1770 3112 1939 3177 oblatione
1962 3112 2092 3195 placea-

1194 3227 1277 3288 mus,
1299 3218 1334 3272 et
1363 3219 1524 3292 perpetue
1554 3211 1622 3294 uite
1651 3211 1828 3296 participes
1854 3211 1951 3276 huius
1977 3231 2093 3296 opera·

1194 3307 1285 3372 tione
1300 3307 1485 3374 reddamur.
1531 3309 1594 3374 Per
1602 3308 1627 3372 ⁴.

1560 3445 1724 3530 Presatin

1239 3567 1282 3634 U.
1299 3569 1342 3634 D.
1364 3589 1423 3653 per
1445 3570 1603 3636 christum
1625 3573 1798 3637 dominum
1822 3581 1981 3638 nostrum.
2026 3571 2094 3657 Qui

1194 3666 1273 3733 uicit
1294 3668 1465 3734 diabolum
1488 3679 1523 3734 et
1545 3672 1715 3750 mundum,
1737 3672 1972 3757 hominemque
1998 3693 2094 3756 para-

1193 3767 1279 3850 dyso
1302 3769 1452 3848 restituit,
1473 3779 1507 3833 et
1531 3771 1609 3836 uitae
1632 3771 1746 3837 ianuas
1768 3772 1978 3838 credentibus
2000 3781 2094 3856 pate·

1193 3867 1279 3932 fecit
1325 3866 1388 3932 Per
1402 3868 1535 3951 quem⁶.

1483 4017 1545 4084 Ad
1561 4019 1790 4102 complendum.
1861 4015 1866 4026 '

1239 4119 1390 4207 Caelestis
1424 4163 1546 4226 mense,
1578 4165 1767 4228 quesumus,
1805 4147 1947 4226 domine,
1985 4166 2093 4211 sacro·

1194 4251 1309 4306 sancta
1337 4241 1453 4307 libatio
1483 4243 1582 4308 corda
1612 4255 1724 4310 nostra
1753 4257 1874 4332 purget
1899 4266 2031 4329 semper
2060 4254 2095 4310 et

1194 4352 1318 4424 pascat
1364 4342 1426 4406 Per
1436 4343 1459 4406 ⁶.

1524 4492 1586 4556 Ad
1595 4493 1761 4576 populum.

1237 4590 1356 4667 Tuere,
1380 4610 1569 4674 quesumus,
1591 4595 1735 4670 domine,
1758 4594 1918 4660 familiam
1939 4604 2043 4670 tuam,
2059 4603 2094 4656 et

1226 4784 1236 4814 l

1226 4861 1236 4892 ¹
1251 4784 1503 4930 ggussesrzojuzum
1530 4864 1641 4931 Suscipe,
1659 4865 1724 4930 dne,
1741 4883 1827 4933 preces
1843 4865 1930 4934 populi
1947 4867 1984 4916 tul
2000 4864 2094 4930 snppli-

1193 4942 1288 5070 {neqtisi
1294 4947 1319 4992 et
1336 4949 1421 4993 nostra
1432 4951 1492 4993 uota
1508 4943 1594 4994 ieiunii
1611 4944 1727 4996 salutaris
1744 4949 1780 4997 tni
1797 4947 1887 5014 perfice
1904 4951 2092 4996 sacramentnm.

1225 5098 1235 5129 ¹
1251 5099 1302 5149 Die
1312 5098 1438 5150 dominica
1451 5108 1525 5150 vemt
1537 5101 1569 5150 V.

1242 5189 1269 5228 n.
1281 5177 1323 5227 Da
1335 5192 1430 5244 pacem.
1442 5178 1550 5230 domine.

1242 5271 1278 5310 rs.
1289 5259 1394 5310 letatus
1406 5274 1468 5310 sum.

1242 5349 1268 5388 a.
1280 5337 1383 5388 letatus
1393 5353 1456 5390 snm.

1241 5427 1269 5464 v.
1280 5415 1339 5465 Fiat
1350 5431 1408 5482 pu.

1241 5506 1285 5546 nl.
1298 5493 1348 5559 Qui
1359 5494 1470 5548 confidit.

1226 5573 1277 5622 For
1288 5573 1338 5622 this
1350 5573 1420 5625 Mass
1432 5575 1459 5626 Z.
1470 5575 1617 5625 substitutos
1628 5571 1684 5623 that
1695 5572 1733 5623 lor
1744 5573 1820 5625 Dom.
1831 5589 1871 5624 xa
1883 5579 1942 5639 post
1952 5573 2023 5624 Pent

1226 5650 1284 5702 ίΕ.
1296 5667 1321 5718 p.
1336 5653 1391 5718 185.
1523 5651 1581 5704 ι0.
1593 5667 1618 5719 p.
1631 5661 1687 5718 337.
1699 5653 1726 5702 Z.
1866 5651 1959 5717 ‘Ep
1974 5651 2029 5716 ¹8⁵·

1729 5759 1793 5810 Ra

1701 5193 1744 5235 οἳ.
1755 5180 1927 5232 Sanctifimuit
1938 5193 2044 5246 moysa.

1700 5269 1744 5310 co.
1755 5259 1851 5310 Tollite
1861 5259 1966 5309 hostias.

1702 5340 1755 5402 (ts.
1767 5337 1868 5387 Gratius
1879 5351 1929 5403 ego
1939 5335 1995 5387 deo.

1701 5427 1747 5467 nv.
1758 5416 1920 5468 decesserunt
1930 5415 1964 5465 nd
1976 5413 2093 5476 ihesum).
