5122 6610
644 575 694 664 ᾖ.
710 577 866 669 annu.

305 779 413 846 niente
427 778 529 844 beato
544 777 670 844 mathia
687 777 841 862 apostolo
855 787 923 857 tuo,
938 777 1071 845 ueniam
1086 799 1200 846 conse·

304 900 443 966 quamur
457 890 493 948 et
505 899 634 964 pacem.
679 881 743 945 Per
752 879 774 943 ¹.

386 1158 484 1226 titt.
497 1160 536 1224 itt
549 1177 623 1226 nar.
636 1157 749 1224 Natali
763 1160 860 1226 sanai
872 1160 997 1240 pagurii
1009 1177 1091 1244 papa
1100 1161 1121 1226 ³.

344 1293 445 1371 Deus,
462 1291 520 1376 qui
546 1293 668 1358 animae
692 1291 807 1359 famuli
831 1291 879 1356 tui
900 1293 1042 1377 gregorii
1066 1302 1199 1358 aeternae

302 1388 515 1454 beatitudinis
530 1389 659 1473 premia
681 1387 859 1468 contulisti,
874 1390 1020 1454 concede
1037 1389 1199 1473 propitius

302 1488 407 1571 utqui
422 1498 634 1571 pcccatorum
650 1497 836 1553 nostrorum
848 1488 993 1571 pondere
1008 1489 1197 1572 premimur,

302 1585 368 1649 eius
382 1585 471 1669 apud
488 1594 522 1650 te
537 1585 690 1669 precibus
705 1583 924 1650 subleuemur.
970 1585 1033 1650 Per
1045 1586 1068 1650 ³.

677 1753 816 1821 secreta.

342 1873 489 1942 Annue⁴
505 1875 608 1951 nobis,
622 1875 764 1957 domine,
776 1885 823 1954 ut,
837 1877 1061 1943 intercedente
1076 1876 1198 1944 ⁵beato

301 1973 449 2058 gregorio
461 1971 618 2056 pontifice
626 1970 650 2048 ⁶,
665 1971 738 2037 haec
753 1975 858 2058 prosit
869 1973 1002 2048 oblatio,
1019 1994 1121 2056 quam
1138 1975 1198 2038 im·

302 2068 455 2133 molando
475 2067 577 2133 totius
601 2068 714 2132 mundi
737 2069 880 2133 tribuisti
904 2068 1044 2134 relaxari
1068 2070 1197 2138 delicta.

368 2168 381 2207 θ

302 2169 362 2234 Per
382 2217 389 2234 ι
659 2255 835 2338 Proefario.

342 2381 387 2448 U.
401 2381 444 2446 D.
461 2392 584 2448 aeterue
598 2384 689 2447 deus.
727 2380 816 2466 Quia
831 2381 878 2446 sic
892 2379 1009 2445 tribuis
1024 2380 1197 2447 ecclesiam

300 2491 390 2546 tuam
411 2482 515 2546 sancti
537 2482 679 2566 gregorii
701 2479 867 2565 pontificis
889 2481 936 2544 tui
959 2501 1198 2546 commemora·

299 2582 387 2647 tione
400 2583 545 2665 gaudere
559 2592 597 2647 ut
613 2602 686 2646 eam
699 2590 734 2648 et
749 2581 836 2645 illius
851 2581 1032 2646 sestiuitate
1043 2579 1197 2661 laetifices,

301 2690 334 2747 et
348 2681 504 2764 exemplo
519 2682 574 2765 pie
589 2680 848 2746 conuersationis
864 2700 1029 2760 exerceas,
1045 2690 1079 2746 et
1095 2679 1197 2745 uerbo

299 2781 531 2865 predicationis
546 2782 685 2860 erudias,
700 2790 861 2867 grataque
876 2779 938 2847 tibi
957 2780 1197 2866 supplicatione

300 2881 432 2948 tuearis.
477 2880 568 2946 Per⁷.

592 2967 655 3032 Ad
668 2966 896 3051 complendum.

340 3093 387 3160 Vt
405 3093 511 3170 nobis,
527 3093 670 3169 domine,
687 3103 745 3159 tua
767 3092 925 3158 sacrificia
940 3093 1022 3159 dent
1044 3091 1196 3172 salutem,

298 3193 414 3259 beatus
444 3194 610 3261 confessor
633 3202 710 3259 tuus
739 3192 908 3278 gregorius
931 3191 1094 3275 pontifex,
1116 3213 1197 3278 que·

298 3313 419 3373 sumus,
448 3303 600 3379 precator
631 3293 779 3360 accedat.
834 3292 897 3357 Per
927 3291 1100 3357 dominum
1136 3313 1195 3357 no·

299 3401 402 3458 strum
411 3391 434 3460 ⁸.

700 3480 792 3546 Atra.

341 3605 440 3686 Deus,
456 3607 513 3690 qui
529 3608 665 3673 beatum
688 3606 876 3692 gregorium
895 3605 1086 3690 pontificem
1102 3625 1196 3674 sanc-

298 3712 405 3770 torum
429 3716 561 3772 tuorum
587 3707 710 3772 meritis
736 3706 925 3789 coaequasti,
951 3708 1097 3771 concede
1119 3726 1194 3790 pro·

297 3803 395 3887 pitius
425 3807 544 3889 utqui
571 3805 894 3872 commemorationis
924 3805 993 3869 eius
1014 3805 1099 3871 festa
1121 3825 1193 3888 per-

297 3903 442 3986 colimus,
458 3906 536 3971 uitae
552 3927 685 3990 quoque
700 3905 869 3969 imitemur
883 3904 1048 3989 exempla.
1093 3905 1183 3970 Per⁹.

328 4094 338 4125 ¹
355 4095 384 4145 li.
396 4113 422 4161 p.
438 4098 558 4159 5r.÷Ad
571 4105 709 4162 semma.
730 4095 862 4161 Percipiat.
878 4095 945 4156 dne,
959 4111 991 4161 q..
1004 4095 1112 4162 populus
1128 4103 1194 4154 tuus.

297 4173 459 4225 inumdmte
480 4176 557 4228 beato
576 4175 671 4226 mathia
693 4173 811 4241 apostolo
830 4179 883 4232 tuo.
901 4174 1097 4226 misericordiam
1119 4191 1194 4240 quam

297 4251 415 4318 deposcit,
433 4260 458 4304 et
474 4269 550 4320 quam
566 4269 703 4320 precamur
718 4252 847 4303 humiliter
865 4251 1044 4318 indulgentiam
1062 4268 1193 4319 comequa·

298 4345 352 4379 mur
362 4337 387 4381 et
396 4347 492 4397 pacem.
525 4333 580 4384 Per.
600 4335 628 4384 Z.

328 4407 340 4437 ¹
354 4422 380 4461 Α.
392 4410 539 4464 Sacerdotes
550 4411 599 4464 dei.

356 4501 392 4540 us.
406 4490 554 4552 Benedicite.

356 4579 382 4617 n.
395 4567 492 4619 Iurabit
503 4569 627 4623 dominus.

354 4657 381 4698 v.
393 4647 465 4697 Dixit
476 4647 599 4700 dominus.

355 4733 399 4772 ru.
411 4721 505 4774 Beatus
515 4723 563 4774 uir.

327 4797 338 4828 ⁸
354 4799 385 4848 V.
396 4815 421 4865 p.
435 4814 474 4866 ²5·
486 4802 514 4852 Z.
526 4801 557 4851 Y.
570 4799 615 4852 iol.
626 4802 656 4852 81
666 4802 692 4854 b.

328 4873 338 4906 ⁸
354 4877 383 4930 E.
395 4895 419 4944 p.
432 4891 472 4942 50.
486 4893 505 4932 ψ
519 4881 601 4945 Super
606 4881 738 4946 populum.
756 4879 870 4942 Benedic‚
883 4881 948 4942 dne,
961 4897 993 4947 q,
1005 4881 1104 4947 plebem
1115 4887 1193 4939 mam.

295 4960 321 5004 et
337 4955 403 5007 beati
419 4958 484 5023 petri
500 4958 611 5023 apostoli
628 4959 665 5008 tui
682 4958 904 5024 deprecationibus
922 4959 1094 5021 confidentem,
1113 4959 1193 5012 tribue

295 5035 411 5100 conequi
421 5035 570 5087 defessionis
581 5036 710 5088 auxilium.
743 5037 797 5089 Per.
812 5039 840 5090 Z.

327 5111 360 5144 υ
375 5113 464 5166 animae
475 5113 561 5165 famuli
573 5115 609 5166 tui
620 5117 728 5182 gregorii
740 5116 773 5168 V.
784 5117 815 5168 Y.

327 5189 505 5242 ‘Yiolssab
528 5193 1013 5247 lbereisadiffereutSec.inBod.E.

325 5267 337 5298 ²
352 5270 383 5321 0.
395 5286 420 5336 p.
432 5285 487 5336 ²99·
498 5273 525 5323 7.

325 5349 404 5398 'Not
416 5348 442 5398 iu
455 5349 517 5399 Bod.
529 5349 559 5400 E.
570 5349 603 5401 Y.
615 5351 646 5402 Y.
659 5351 686 5402 Z.

324 5425 383 5476 ⁸Y.
395 5442 420 5492 p.
435 5427 564 5492 25.Yiol
577 5429 640 5493 83⁸.

500 5545 520 5584 e
533 5529 627 5592 saun
642 5530 670 5589 ln
686 5531 783 5603 stetu
800 5531 835 5590 S.
845 5531 982 5592 Bruttirti.

323 5617 448 5678 Concede.
459 5636 492 5686 q,
505 5619 568 5686 dne,
580 5621 706 5675 alacribus
719 5623 809 5676 mimis
826 5623 891 5676 beati
903 5625 1050 5678 confessoris
1066 5627 1101 5678 tui
1115 5627 1189 5679 bene·

802 4422 829 4461 ν.
840 4409 931 4461 Potens
943 4411 968 4460 in
980 4417 1051 4462 terra

803 4500 830 4540 v.
842 4488 930 4539 Gloria
940 4496 966 4538 et
976 4488 1078 4540 diuitiae.

804 4577 846 4617 os.
858 4567 957 4618 Ueritas
968 4581 1031 4617 mea.

803 4657 847 4698 cc.
861 4645 953 4697 Fidelis
963 4661 1054 4697 seruus.

1586 581 1636 670 ὦ.
1653 583 1827 662 nentur.
2084 611 2152 684 139

1281 853 1359 920 snt.
1375 855 1435 921 ltsl
1449 857 1533 939 april.
1550 855 1708 941 nutrita
1722 861 1819 925 matti
1832 861 1969 926 brntbttti
1983 863 2127 930 abbatis¹.

1297 985 1518 1075 Omnipotens
1530 992 1732 1076 sempiterne
1748 994 1840 1074 deus,
1851 995 1907 1078 qui
1923 993 2083 1064 hodierna
2097 998 2153 1065 die

1253 1087 1359 1154 caruis
1375 1090 1531 1156 eductum
1552 1093 1720 1176 ergastulo
1736 1093 1965 1160 beatissimum
1988 1099 2152 1166 consesso-

1253 1207 1323 1252 rem
1355 1197 1453 1256 tuum
1482 1190 1697 1258 benedictum
1726 1192 1908 1260 subleuasti
1940 1195 1984 1262 ad
2014 1197 2152 1278 caelum3

1252 1290 1405 1368 concede,
1419 1311 1609 1374 quesumus,
1622 1290 1696 1358 haec
1718 1293 1802 1358 festa
1824 1295 1890 1359 tuis
1912 1294 2044 1362 famulis
2066 1299 2152 1366 cele-

1251 1386 1425 1454 brantibus
1448 1400 1640 1456 cunctorum
1664 1393 1796 1457 ueniam
1818 1393 2022 1474 delictomm,
2039 1407 2075 1464 ut
2095 1399 2152 1482 qui

1252 1490 1481 1557 exultantibus
1513 1494 1632 1558 animis
1663 1495 1733 1560 eius
1770 1494 1911 1560 claritati
1941 1501 2154 1582 congaudent

1250 1591 1323 1674 ipso
1360 1592 1450 1676 apud
1494 1603 1529 1659 te
1572 1585 1812 1661 interueniente
1853 1598 2083 1665 consocientur
2119 1611 2154 1666 et

1251 1691 1403 1757 meritis&

1631 1806 1771 1873 Secreta.

1295 1930 1437 2010 Oblatis,
1453 1935 1597 2013 domine,
1613 1937 1658 2001 ob
1675 1934 1837 2002 honorem
1852 1936 1942 2003 beati
1958 1939 2152 2008 confessoris

1251 2031 1299 2095 tui
1324 2033 1500 2114 benedicti,
1523 2056 1712 2118 quesumus,
1740 2036 1870 2121 placare
1897 2039 2096 2122 muneribus,
2119 2051 2153 2108 et

1251 2131 1352 2214 ipsius
1371 2133 1438 2198 tuis
1459 2134 1593 2201 famulis
1616 2137 1805 2202 interuentu
1827 2147 2022 2204 cunctorum
2044 2141 2152 2207 tribue

1251 2231 1493 2314 indulgentiam
1522 2247 1746 2319 peccatorum.
1801 2237 1865 2300 Per
1892 2237 2064 2303 dominum
2095 2260 2153 2304 no-

1252 2341 1357 2396 strum
1368 2332 1391 2396 ³.

1612 2446 1789 2530 Prcefatr'o.

1294 2573 1338 2638 U.
1363 2574 1407 2639 D.
1432 2584 1556 2642 aeteme
1582 2577 1673 2641 deus.
1719 2576 1766 2642 Et
1788 2576 1929 2661 gloriam
1956 2589 2049 2644 tuam
2075 2602 2151 2666 pro-

1249 2671 1330 2737 fusis
1359 2674 1511 2757 precibus
1540 2696 1687 2754 exorare,
1715 2677 1835 2759 utqui
1865 2678 1955 2742 beati
1984 2681 2150 2748 benedicti

1249 2773 1442 2840 confessoris
1472 2777 1520 2841 tui
1550 2797 1747 2842 ueneramur
1775 2777 1868 2857 festa,
1894 2787 1929 2843 te
1955 2780 2149 2863 opitulante,

1250 2872 1320 2939 eius
1348 2875 1533 2942 sanctitatis
1563 2877 1684 2943 imitari
1714 2877 1885 2942 ualeamus
1914 2881 2079 2965 exempla,
2103 2881 2150 2946 Et

1248 2974 1341 3038 cuius
1371 2975 1497 3041 meritis
1526 2996 1739 3062 nequaquam
1769 2998 1945 3062 possumus
1974 2981 2148 3062 coaequari,

1249 3073 1318 3139 eius
1333 3074 1485 3159 precibus
1501 3096 1686 3141 mereamur
1700 3077 1859 3142 adiuuari.
1884 3079 1947 3143 Per
1958 3077 2147 3146 christum⁴.

1246 3341 1307 3392 dicti
1319 3342 1466 3410 sollempnia
1476 3343 1616 3402 caelebrare,
1627 3343 1698 3395 cuius
1708 3343 1813 3394 diuersis
1824 3344 1943 3396 decorata
1954 3345 2089 3398 uirtutibus
2100 3349 2146 3400 tibi

1246 3418 1301 3471 uita
1312 3421 1476 3489 complacuit.
1509 3423 1566 3474 Per.

1278 3500 1329 3551 Sec.
1357 3500 1453 3552 Oblata
1469 3501 1617 3554 confessuris
1634 3500 1672 3552 tui
1688 3500 1814 3552 benedicti
1830 3501 1926 3552 bonore
1942 3502 1991 3552 sint
2008 3503 2063 3564 tibi,
2081 3505 2146 3564 dne,

1246 3585 1331 3628 nonna
1346 3585 1418 3644 grata
1433 3577 1563 3637 libamina,
1574 3586 1602 3629 ut
1614 3585 1755 3632 nosuarum
1772 3579 1841 3646 apud
1852 3585 1877 3630 te
1888 3581 2100 3648 supplicationum
2113 3583 2147 3634 ei-

1245 3657 1337 3710 iectum
1349 3659 1489 3711 obtineant.
1521 3659 1578 3710 Per.

1278 3739 1324 3787 Ad
1331 3755 1389 3789 com.
1401 3739 1472 3804 Quos
1483 3738 1629 3798 celestibus,
1641 3738 1706 3798 dne..
1718 3753 1813 3790 recreas
1825 3739 1958 3800 alimentis,
1968 3741 2146 3792 interueniente

1244 3815 1321 3865 beato
1343 3815 1483 3867 consmsore
1506 3824 1551 3866 tuo
1568 3816 1709 3875 benedicto.
1732 3815 1765 3867 ab
1788 3815 1909 3868 uniuersis
1932 3824 2002 3869 tuere
2021 3819 2146 3884 periculis.

1245 3895 1300 3948 Per.
1334 3898 1361 3947 Z.

1278 3973 1286 4003 ¹
1302 3973 1328 4025 S.
1339 3991 1364 4040 p.
1378 3985 1434 4038 725.
1446 3975 1478 4025 Y.
1489 3975 1533 4026 iol.
1548 3973 1580 4040 ⁸3
1590 3975 1616 4026 b.

1310 4065 1337 4103 Α.
1348 4051 1433 4103 Iustus
1444 4059 1471 4102 ut
1482 4053 1575 4118 palma.

1310 4143 1348 4183 es.
1360 4131 1457 4182 Bonum
1469 4138 1515 4182 est.

1310 4221 1336 4259 n.
1350 4209 1466 4268 Domine.
1480 4209 1621 4275 preuenisti.

1310 4299 1337 4338 v.
1349 4287 1437 4339 Uitam
1449 4287 1530 4353 petiit.

1310 4377 1355 4416 nn.
1373 4366 1539 4417 Desiderium.

1753 4065 1779 4104 v.
1792 4054 1918 4119 Quoniam
1931 4057 2073 4120 preuenisti.

1753 4144 1779 4182 v.
1793 4133 1902 4184 Posuisti
1913 4149 1994 4200 super.

1752 4223 1796 4264 or.
1807 4212 1907 4264 Ueritas
1918 4227 1982 4264 mea.

1752 4301 1795 4340 co.
1807 4291 1889 4341 Amen
1898 4288 1956 4342 dico
1965 4291 2037 4348 uobis
2044 4291 2111 4358 quod

1818 4384 1865 4420 uos
1876 4369 1919 4435 qui
1931 4369 2072 4436 reliquistis.

1276 4442 1287 4473 ¹
1304 4457 1323 4496 ÷
1337 4445 1408 4496 Alia.
1433 4445 1599 4512 Omnipotens
1614 4448 1763 4513 sempiterne
1774 4449 1842 4506 deus,
1855 4449 1898 4513 qui
1913 4449 2065 4501 radiantibus
2076 4449 2143 4500 beati

1244 4523 1367 4575 benedicti
1384 4523 1532 4576 confessoris
1542 4525 1579 4575 tui
1591 4525 1710 4590 exemplis
1721 4526 1828 4576 ardum
1839 4527 1888 4576 tuis
1904 4527 2028 4579 imitabile
2043 4528 2143 4578 famulis

1244 4601 1291 4653 iter
1302 4601 1397 4662 lecisti3
1414 4602 1448 4652 da
1458 4603 1531 4654 nobis
1548 4603 1673 4654 mutiensis
1689 4619 1733 4669 per
1748 4604 1801 4654 eius
1817 4604 1933 4656 instituta
1949 4605 2074 4670 gressibus
2088 4623 2142 4672 per·

1242 4695 1309 4746 gere,
1326 4687 1355 4731 ut
1371 4681 1481 4732 eiusdem
1498 4681 1524 4732 iu
1541 4682 1643 4747 regium
1663 4681 1802 4734 uiuentium
1819 4699 1960 4734 mereamur
1980 4683 2078 4749 gaudie
2099 4685 2143 4734 ad·

1244 4758 1350 4810 misceri.
1383 4759 1438 4810 Per.
1450 4761 1478 4810 Z.

1274 4836 1285 4867 ¹
1300 4837 1326 4887 S.
1337 4853 1362 4904 p.
1375 4837 1430 4900 726.
1442 4837 1474 4890 Y.
1486 4837 1530 4889 iol.
1543 4836 1607 4904 84a.

1275 4913 1285 4944 ⁴
1300 4915 1331 4966 Y.
1344 4915 1475 4967 contained
1485 4932 1501 4966 a
1512 4916 1598 4984 longer
1609 4918 1658 4968 and
1669 4935 1686 4970 a
1696 4917 1810 4969 different
1821 4916 1930 4976 Prasiane,
1942 4932 2000 4968 now
2011 4917 2106 4969 erased.

1276 4999 1378 5063 Presace
1397 4997 1423 5047 in
1442 4999 1471 5048 Z.
1504 4999 1581 5050 Erre
1603 4999 1741 5050 honorandi
1762 4997 1840 5066 patn's
1861 4995 1985 5048 benedicti
2004 4997 2140 5062 gloriosam

1243 5079 1394 5130 celebrantes
1401 5078 1612 5144 sollempnitatem
1620 5079 1777 5146 glorificam
1793 5079 1819 5128 iu
1828 5093 1878 5146 quo
1886 5080 1935 5129 boc
1942 5078 2012 5128 triste
2022 5077 2140 5129 seculum

1242 5157 1364 5217 deserens,
1376 5158 1408 5208 ad
1419 5157 1525 5210 celestis
1535 5159 1622 5224 patriae
1632 5159 1727 5224 gaudia
1741 5157 1859 5222 migrauit
1870 5164 1969 5208 aeterna.
1998 5155 2049 5222 Qui
2060 5157 2139 5207 sancti

1242 5235 1344 5301 spiritus
1363 5234 1471 5301 repletus
1487 5236 1554 5288 douo
1577 5237 1700 5288 timoratis
1718 5237 1895 5288 monachorum
1914 5236 2032 5302 gregibus
2049 5234 2140 5302 dignus

1242 5313 1332 5364 effulsit
1343 5323 1442 5379 pastor:
1459 5321 1485 5365 et
1500 5315 1567 5382 quod
1583 5315 1659 5366 sacris
1676 5315 1807 5366 admonuit
1818 5316 1969 5368 dictimibus
1985 5315 2078 5366 sauma
2094 5315 2140 5365 im·

1243 5390 1320 5458 pleuit
1337 5392 1462 5458 operibus.
1480 5399 1508 5443 ut
1525 5409 1601 5462 quam
1617 5393 1708 5444 diuinis
1725 5393 1886 5445 inchoauerat
1904 5394 2013 5446 onculis
2024 5393 2139 5446 sentium

1241 5469 1361 5536 exemplis
1382 5478 1531 5524 monstraret
1552 5465 1658 5532 lucidis;
1681 5477 1709 5522 ut
1729 5471 1840 5538 gloriosa
1862 5472 2043 5526 monachorum
2059 5473 2138 5540 plebs,

1241 5555 1344 5616 patema
1352 5551 1449 5602 intuens
1460 5551 1575 5616 uestigia,
1583 5551 1616 5602 ad
1627 5556 1749 5618 perpetua
1757 5550 1820 5602 lucis
1831 5557 1930 5605 aeternae
1941 5551 2045 5620 pramis
2056 5553 2139 5604 uenire

1242 5633 1372 5680 mereatur.
1406 5629 1453 5681 Per
1463 5629 1592 5681 christum.

1774 5737 1837 5791 Ta
