5116 6608
534 537 635 630 sau
662 540 702 614 st.
730 541 941 634 prensitare.

327 738 443 810 deceni,
458 746 486 796 et
495 713 582 798 ¹ceteri
593 759 691 814 omnes,
705 747 732 801 et
743 743 784 803 eta
794 745 960 823 perficiatur
973 745 1059 805 missa
1069 747 1186 823 pleniter

324 833 419 892 ordine
431 853 488 893 suo.

620 916 851 984 Postcommunio.

326 1034 439 1096 Reiecti
454 1035 590 1097 uitalibus
605 1037 757 1100 alimentis.

694 1223 775 1284 Alete.

325 1344 474 1416 Concede,
502 1361 670 1421 quesumus,
699 1345 826 1414 domine,
855 1356 887 1406 ut
914 1357 1084 1425 perceptum
1112 1347 1183 1408 noui

283 1442 449 1502 testamenti
462 1443 633 1518 mysterium
650 1447 679 1500 et
698 1459 823 1518 corpore
844 1441 1003 1501 sentiemus
1025 1453 1054 1502 et
1074 1453 1181 1502 mente.

281 1535 345 1594 Per.

282 1655 327 1714 Et
336 1654 466 1732 pontffen
485 1656 629 1724 descendat
639 1658 669 1714 in
684 1659 854 1727 sacrantem,
870 1657 1007 1715 mandans
1018 1655 1183 1732 presbiteris

323 1752 393 1828 quid
409 1753 535 1810 uoluerit.
572 1750 651 1809 Tunc
672 1755 778 1811 crisma
800 1770 900 1812 nouum
926 1769 987 1810 aem
1009 1753 1098 1809 ueteri
1117 1754 1182 1810 mis-

320 1854 425 1916 ceatur,
445 1849 475 1905 si
492 1847 563 1922 quid
580 1847 721 1905 residuum
742 1849 788 1906 sit.
832 1846 974 1907 Similiter
993 1853 1021 1903 et
1042 1847 1137 1916 oleum,
1159 1853 1185 1904 et

322 1943 363 2000 eta
383 1942 529 2000 diuiiiatur
541 1951 593 2017 per
599 1943 775 2017 presbiteros,
797 1949 823 2001 et
833 1942 924 2016 finita
944 1948 1012 1999 sunt
1029 1941 1092 1998 ista.
1134 1941 1186 1998 Ad

321 2046 461 2112 uesperum
478 2039 509 2094 in
528 2055 593 2094 cerm
606 2055 660 2094 non
674 2036 785 2095 dicatur
799 2036 881 2096 Deus
896 2037 925 2094 in
939 2035 1121 2106 adiuton'um,
1136 2035 1185 2094 sed

321 2130 432 2189 dicatur
464 2131 613 2206 antiphona
648 2128 778 2190 Calicem
813 2130 952 2198 salutatis,
982 2148 1044 2188 cum
1071 2129 1182 2205 psalmo

322 2222 442 2288 Credidi
454 2235 581 2301 propter.
613 2223 682 2284 Ant.
714 2222 791 2284 Cum
806 2225 851 2284 his
865 2224 915 2302 qui
929 2223 1053 2282 oderunt
1067 2241 1180 2299 pacem.

320 2318 465 2388 Psalmus,
488 2319 536 2378 Ad
561 2318 714 2378 dominum
736 2338 803 2380 cum
826 2319 982 2379 tribularer.
1033 2317 1102 2378 rint.
1133 2318 1181 2378 Ab

322 2412 499 2473 hominibus.
550 2413 601 2473 Ps.
633 2413 730 2493 Eripe.
779 2414 848 2475 Ant.
879 2411 1001 2474 Custodi
1028 2431 1085 2472 me.
1127 2413 1181 2472 Ps.

320 2506 458 2578 Domine,
478 2507 609 2567 clamaui.
651 2508 720 2568 Ant.
742 2507 979 2569 considerabam.
1022 2505 1075 2567 Ps.
1095 2505 1181 2567 Uoce

320 2619 394 2661 mea.
437 2599 541 2661 Statim
561 2605 687 2678 sequitur
704 2612 763 2662 ant.
785 2603 966 2678 cenantibus
987 2612 1093 2662 autem.
1128 2600 1181 2664 Ps.

320 2694 492 2774 Magnificat
504 2704 531 2754 et
543 2695 633 2774 Kyrie
646 2696 775 2776 eleyson,
791 2705 932 2774 utsupra,
947 2703 974 2756 et
980 2707 1080 2774 preces.

575 2853 674 2914 Oratio
687 2857 727 2914 ad
737 2866 886 2932 uesperum.

320 2972 410 3046 Deus,
424 2975 506 3034 cuius
526 2992 631 3050 cenam
653 2975 876 3036 sacratissimam
897 2994 1081 3047 ueneremur,
1097 2987 1129 3034 ut
1146 2994 1181 3034 ea

281 3069 359 3144 digni
383 3069 574 3140 inueniamur,
594 3069 705 3129 munde
731 3088 796 3140 nos,
820 3088 1023 3148 quesumus,a
1048 3070 1182 3130 sordibus

281 3172 475 3237 peccatorum,
499 3163 557 3240 qui,
581 3163 619 3222 ad
650 3163 857 3224 insinuandum
884 3164 1054 3224 humilitatis
1081 3183 1180 3224 exem-

280 3255 367 3330 plum,
396 3258 488 3335 pedes
515 3269 632 3318 tuorum
660 3258 748 3318 hodie
776 3259 873 3318 lauare
901 3259 1038 3335 dignatus
1065 3276 1098 3318 es
1123 3240 1180 3318 dis·

281 3350 448 3427 cipuloruni.
491 3351 552 3426 Qui
567 3372 635 3413 eum
649 3365 732 3432 patre
746 3366 776 3414 et
790 3355 893 3434 spiritu
906 3365 1011 3414 sancto
1024 3355 1108 3414 uiuis.

285 3479 354 3542 Curii
379 3491 468 3542 autem
496 3486 569 3544 scola
593 3487 663 3545 dicit
684 3490 808 3564 primam
836 3487 1024 3564 antiphonam,
1049 3485 1179 3548 Culicem

319 3577 457 3650 salutatis,
473 3581 566 3639 rtatiin
587 3581 641 3638 duo
660 3581 758 3639 acoliti
770 3584 873 3658 parati
885 3602 947 3641 euni
967 3583 1061 3659 nigris
1077 3582 1181 3640 casulis

320 3673 457 3750 i'reci'piant
467 3675 611 3750 expoliare
625 3677 733 3735 altaria
754 3695 839 3752 usque
858 3678 923 3735 duni
938 3677 1046 3754 finitur
1058 3685 1179 3750 uespera.

319 3767 418 3826 Postea
441 3769 583 3827 tollentur.
632 3768 659 3828 A
683 3781 795 3847 uespera
815 3779 904 3830 autem
924 3770 1009 3829 huius
1029 3770 1088 3828 diei
1105 3771 1180 3830 nuda

319 3864 378 3920 si'nt
388 3863 495 3922 altaria
509 3883 593 3939 usque
607 3866 638 3921 in
651 3883 731 3923 mane
743 3863 861 3924 sabbati.
903 3863 1038 3940 Expletis
1056 3863 1180 3922 omnibus

315 3959 439 4033 procedit
459 3958 573 4016 domines
600 3961 737 4034 episcopus
760 3977 821 4016 cum
845 3961 923 4016 omni
946 3959 1092 4018 alacritate
1118 3977 1179 4015 curi

316 4053 475 4128 presbeteris
488 4059 515 4109 et
525 4053 604 4122 clero,
618 4055 649 4110 si'
664 4053 728 4110 uult
746 4059 810 4112 ante
827 4053 925 4124 tiburi,
941 4054 987 4111 uel
997 4059 1065 4128 post
1080 4051 1179 4123 cibun,

319 4146 359 4203 ad
376 4147 465 4204 locum
486 4146 538 4204 ubi
554 4147 714 4204 mandatum
734 4148 863 4223 perficere
884 4147 954 4206 uult.
996 4145 1113 4222 Sintque
1140 4146 1184 4204 ibi

314 4242 417 4316 parati
420 4252 591 4317 processores
599 4260 615 4309 ,¹
635 4242 734 4300 acoliti
743 4243 864 4300 duacum
878 4241 1055 4300 candelabris
1067 4239 1178 4312 duabsu,

319 4338 416 4394 tertiies
435 4335 589 4393 turibulum
599 4343 727 4411 portares,
741 4343 861 4413 quartus
873 4355 935 4394 cuni
955 4335 1178 4405 thimiamateria,

318 4437 344 4487 et
360 4429 543 4488 siebdi'aeonus
562 4431 735 4507 euangelium
745 4432 856 4508 sereres,
870 4438 898 4488 et
909 4431 1043 4488 diaeonus
1056 4430 1180 4504 imponat

320 4524 515 4601 euangelium:
537 4524 616 4583 Ante
629 4524 708 4583 diem
724 4523 829 4584 festum
843 4543 927 4601 usque
940 4533 1059 4584 nonest
1079 4540 1178 4583 seruus

319 4619 410 4677 maior
425 4617 546 4676 domino
561 4635 623 4677 suo.

281 4723 366 4784 Fereii
380 4732 461 4784 sexta
467 4735 640 4801 parasceues,
649 4745 700 4801 quq
712 4733 739 4784 et
750 4731 832 4786 sexta
842 4726 954 4784 sabbati
963 4726 1076 4798 dieitur,
1091 4727 1178 4784 missa

318 4839 370 4879 non
395 4825 535 4890 cantatur,
556 4820 606 4878 red
627 4838 709 4896 neque
733 4823 764 4879 in
787 4820 897 4880 sabbato
920 4827 1013 4878 sancto
1036 4819 1117 4879 donec
1140 4821 1181 4880 ad

319 4914 436 4992 uigilias
456 4915 549 4972 nectit.
590 4912 629 4973 In
651 4917 709 4990 ipso
722 4921 813 4972 autem
833 4916 884 4986 die,
899 4913 948 4972 hoc
967 4919 1013 4984 est,
1023 4914 1111 4990 seria
1128 4917 1176 4974 nii.

319 5009 387 5067 hora
410 5010 517 5085 qui'eita,
541 5009 693 5084 deportetur
715 5008 815 5081 lumen,
839 5015 989 5085 utsupra,
1017 5009 1053 5067 ab
1080 5009 1176 5068 archi·

319 5104 430 5163 diacono
451 5123 499 5162 sen
519 5105 666 5179 preposito,
691 5109 717 5160 et
739 5104 931 5162 illuminentur
950 5103 1089 5179 lampades
1117 5105 1175 5162 ‚vii

319 5199 363 5256 uel
373 5205 407 5256 ut
417 5198 494 5257 alites
506 5198 572 5255 ordo
579 5198 706 5274 precipit,
722 5197 755 5254 id
764 5203 811 5269 est,
822 5215 963 5268 romanus,
978 5197 1177 5257 illuminantur

319 5293 369 5369 duq
386 5293 449 5353 inde
467 5291 577 5366 candele
589 5293 630 5350 ad
643 5293 828 5351 ministerium
842 5292 984 5350 adultere
997 5292 1048 5350 ubi'
1058 5291 1175 5370 officium

318 5389 423 5465 agetur.
468 5385 645 5446 Conuenitent
662 5405 751 5445 omnes
771 5405 839 5446 uero
855 5387 1037 5462 qcclesi'astici
1055 5405 1101 5445 nec
1122 5406 1176 5445 non

318 5488 344 5539 et
360 5483 436 5554 Iaiti',
455 5487 483 5540 et
499 5482 632 5559 procedat
649 5481 764 5540 danus
787 5483 932 5558 episcopus,
954 5481 1000 5540 uel
1019 5483 1071 5559 qui'
1091 5484 1175 5540 uicem

318 5575 394 5636 itli'ies
404 5577 528 5651 tenuerit,
539 5577 569 5635 in
575 5575 691 5652 ecclesia
700 5581 806 5636 statuta
815 5577 897 5655 infra
908 5575 1174 5654 urbem,reontamen

1482 548 1582 641 pisti
1608 551 1649 626 st.
1677 551 1886 644 miserium.
2065 559 2133 628 261

1279 749 1310 807 in
1327 750 1456 810 enaiim
1472 751 1621 827 ecclesium,
1641 752 1693 812 ubi
1709 772 1767 813 nior
1783 761 1824 814 est
1836 745 2013 834 salutp'eram
2031 776 2137 818 crucem

1277 844 1411 916 salutare,
1429 852 1456 905 et
1469 853 1630 924 preparant
1649 866 1677 906 se
1693 848 1846 924 presbiteri
1864 855 1892 907 et
1916 839 2136 922 archediaconui,

1089 991 1092 998 .
1191 995 1197 1010 ,
1276 945 1304 998 et
1322 941 1439 1013 diaconi,
1454 943 1500 1001 uel
1518 945 1606 1017 ceteri',
1620 951 1756 1020 quantum
1773 956 1840 1022 opus
1860 950 1907 1016 est,
1921 946 1963 1003 ad
1972 946 2137 1006 menittran·

1276 1033 1341 1092 dum
1359 1037 1455 1095 domno
1472 1039 1591 1116 episcopo
1608 1038 1650 1097 ael
1666 1041 1788 1112 missam,
1802 1058 1864 1098 cuin
1884 1040 2043 1099 cantoribus
2055 1048 2083 1100 et
2093 1063 2137 1101 re-

1275 1127 1361 1204 liquis
1395 1132 1543 1203 minittri's,
1574 1132 1694 1192 uestibus
1722 1133 2010 1212 quadragesimalibus
2038 1135 2138 1208 eieduti',

1275 1224 1379 1284 scilicet
1392 1226 1623 1307 planeh'ssitrcit,
1641 1247 1696 1287 non
1713 1229 1798 1288 nudet
1812 1227 1934 1304 pedibus.
1977 1228 2046 1288 Non
2065 1231 2138 1289 eni'rn

1275 1318 1339 1378 licet
1355 1320 1548 1396 presbeterum,
1571 1323 1725 1394 diaconum,
1753 1323 1800 1382 uel
1824 1323 1952 1380 acolitum
1980 1325 2021 1382 ad
2043 1324 2135 1384 altare

1274 1415 1437 1474 ministrare
1450 1427 1505 1492 per
1525 1418 1612 1476 nudos
1627 1420 1715 1493 pedes.
1757 1417 1937 1478 Procedentes
1957 1420 1989 1477 de
2004 1421 2134 1477 sacrario

1274 1510 1413 1583 usquead
1426 1511 1525 1584 altare,
1539 1512 1640 1588 absque
1652 1513 1710 1572 ullo
1726 1519 1818 1583 cantu,
1832 1517 1972 1588 prostrato
1988 1515 2067 1572 omni
2076 1531 2137 1572 cor-

1267 1611 1336 1676 pore
1350 1604 1381 1661 in
1395 1609 1500 1664 terrani
1514 1606 1630 1677 di'ieti’eis,
1644 1609 1766 1666 orati'one
1781 1607 1910 1684 completa
1926 1612 2006 1683 atque
2019 1608 2138 1666 osceelato

1273 1695 1370 1768 altari,
1399 1700 1509 1759 uadunt
1532 1703 1574 1760 ad
1597 1703 1682 1762 sedent
1708 1702 1848 1780 pontificii
1875 1719 1949 1759 more
1974 1699 2075 1772 solito,·
2111 1709 2139 1761 et

1273 1792 1394 1850 mittitur
1405 1804 1530 1870 paruum
1552 1797 1684 1856 lintheum
1703 1806 1788 1872 super
1805 1797 1896 1854 altare
1916 1795 2020 1854 nudum
2039 1797 2071 1854 de
2086 1796 2137 1854 snb

1272 1888 1421 1964 euarigeliti.
1465 1890 1540 1950 Ante
1559 1894 1734 1970 euangelium
1755 1911 1822 1950 uero
1839 1910 1894 1950 non
1907 1897 2057 1965 portentur
2070 1910 2135 1949 can-

1272 1978 1330 2055 dele
1352 1984 1399 2041 uel
1417 1986 1564 2045 incensum.
1607 1986 1652 2046 Et
1669 1988 1735 2046 dum
1756 1989 1867 2046 mouns
1884 1984 2016 2063 pontifex
2038 1987 2069 2044 de
2090 2003 2138 2044 sa·

1272 2077 1368 2134 erario
1382 2083 1550 2154 processerit
1567 2087 1629 2140 ante
1649 2083 1742 2141 altare
1761 2083 1802 2141 ad
1818 2081 1954 2139 orandum
1973 2091 2057 2156 super
2070 2099 2136 2138 ora-

1273 2171 1383 2242 torium,
1416 2176 1490 2234 si‘eut
1518 2196 1575 2236 mos
1608 2183 1655 2250 est,
1681 2180 1777 2236 statim
1813 2183 1846 2235 ut
1878 2177 2044 2233 surrexerit
2074 2193 2135 2233 eum

1273 2262 1379 2325 sitentiii
1402 2271 1531 2330 ascendat
1551 2273 1705 2332 adsedem.
1760 2271 1820 2344 Quo
1846 2270 1956 2341 sedente,
1984 2270 2078 2328 statim
2107 2276 2141 2327 ut

1272 2361 1377 2418 annuit
1390 2365 1605 2425 archidiaconus
1625 2366 1799 2437 subdiacono,
1812 2364 1996 2425 subdiaconus
2008 2365 2139 2423 mceeedat

1273 2452 1315 2509 ad
1324 2454 1472 2533 legendum,
1487 2468 1515 2518 et
1524 2461 1630 2538 legetur
1640 2464 1737 2537 prima
1751 2463 1828 2520 lectio
1842 2461 1873 2519 iri
1891 2477 1954 2530 osee,
1969 2457 2005 2518 In
2019 2458 2137 2519 tribula·

1273 2545 1353 2608 tione
1367 2568 1420 2611 sua
1432 2571 1529 2615 mane.
1571 2553 1616 2615 Et
1622 2563 1688 2632 post
1699 2557 1833 2616 lectionem
1847 2562 1978 2615 cantatur
1991 2556 2135 2625 centetum,

1274 2638 1411 2716 Domine,
1434 2649 1541 2709 audiui.
1584 2649 1630 2709 Et
1654 2651 1724 2710 dicit
1744 2651 1884 2728 pontifex,
1910 2648 2044 2711 Oremus.
2094 2648 2139 2707 Et

1274 2734 1413 2812 diieconus,
1433 2742 1600 2804 Flectamns
1627 2764 1733 2824 genua,
1756 2747 1849 2804 statiin
1877 2743 1998 2814 Leuate,
2018 2753 2045 2804 et
2070 2744 2144 2802 di'cet·

1273 2835 1430 2908 mannum,
1456 2838 1539 2899 Deus
1564 2859 1581 2900 a
1605 2859 1665 2918 quo
1693 2852 1722 2902 et
1749 2839 1840 2900 iudas.
1883 2837 2016 2915 Sequitur
2043 2841 2135 2899 altera

1273 2923 1349 2986 lectio
1367 2932 1398 2988 in
1416 2933 1510 3005 exodo,
1525 2933 1606 2994 Dixit
1619 2934 1758 2996 dominus
1775 2935 1812 2995 ad
1827 2951 1957 3011 moysen.
2001 2933 2136 3012 Sequitur

1273 3023 1388 3096 tractus,
1401 3025 1491 3105 Eripe
1507 3046 1565 3098 me,
1581 3030 1709 3090 domine.
1745 3029 1906 3104 Quofir'iito,
1920 3029 2024 3106 legitur
2036 3030 2136 3106 absque

1272 3115 1436 3178 salutatione
1453 3123 1557 3197 passio,
1572 3123 1624 3182 ubi
1640 3144 1694 3183 non
1715 3127 1818 3184 di'cetur
1827 3124 1930 3200 possi'o,
1951 3122 2002 3181 sed
2017 3130 2134 3196 tanturn,

1272 3204 1309 3264 In
1330 3210 1379 3271 illo
1400 3224 1532 3292 tempore
1554 3235 1688 3294 egressus
1709 3219 1814 3278 ihesus.
1857 3216 1918 3277 Nec
1939 3219 2075 3277 incensum
2095 3219 2138 3279 ibi'

1267 3310 1399 3377 portetur.
1435 3307 1503 3368 Hae
1533 3311 1642 3388 expleta
1676 3315 1769 3371 statim
1799 3313 1853 3370 duo
1886 3311 2000 3371 diaconi
2028 3314 2139 3374 nudant

1271 3396 1361 3457 altare
1383 3403 1494 3462 sindone
1515 3425 1566 3481 quq
1586 3409 1670 3482 prius
1682 3409 1790 3485 fuerat
1811 3407 1863 3466 sub
1886 3407 2026 3484 euangelio
2044 3411 2136 3484 posita

1273 3491 1303 3549 in
1327 3495 1435 3554 modum
1448 3499 1595 3576 furantis.
1637 3501 1743 3578 Aliqui
1761 3521 1833 3572 uero,
1859 3509 2003 3578 antequam
2025 3502 2136 3580 legatur

1267 3589 1363 3661 passio
1376 3590 1488 3664 donini,
1499 3602 1658 3671 preparant
1668 3599 1795 3656 sindones
1808 3598 1880 3655 duas
1893 3597 1952 3656 sibi
1961 3597 2110 3657 coherentes
2118 3619 2134 3667 ‚·

1271 3684 1298 3734 et
1317 3679 1346 3736 in
1367 3699 1395 3738 eo
1416 3699 1499 3741 uersu
1520 3685 1572 3744 ubi'
1588 3687 1701 3765 tegitur.
1745 3685 1935 3746 Partiti'sunt
1951 3687 2133 3749 uestimenta

1273 3768 1413 3834 Sei'ndunt
1430 3777 1496 3836 hiric
1516 3780 1578 3838 inde
1605 3784 1681 3857 ipsas
1707 3785 1833 3842 sindones
1861 3783 1975 3858 desuper
1993 3783 2083 3842 altare
2104 3787 2134 3842 iri

1272 3866 1379 3924 niodum
1387 3870 1531 3946 furantis,
1546 3881 1573 3932 et
1588 3895 1675 3935 secum
1695 3879 1838 3951 auserunt.
1884 3875 1916 3934 T
1910 3897 1964 3934 unc
1978 3878 2055 3936 uenet
2065 3887 2135 3954 pon-

1271 3962 1346 4040 lfix
1360 3971 1423 4022 ante
1436 3966 1534 4040 altare,
1548 3971 1616 4040 siue,
1632 3973 1705 4030 utin
1723 3971 1780 4030 alio
1796 3971 1893 4029 ordine
1906 3971 2016 4048 legitur,
2031 3976 2138 4031 transit

1271 4057 1301 4113 in
1322 4056 1465 4116 dextram
1479 4069 1589 4136 parterii
1609 4066 1723 4138 ecclesie,
1743 4067 1826 4143 infra
1847 4066 1987 4138 thronum,
2009 4073 2036 4126 et
2053 4067 2135 4139 duat,

1271 4147 1406 4211 Oremus.
1447 4152 1491 4211 Et
1507 4156 1646 4232 diaconus,
1668 4159 1835 4220 Flectamus
1859 4177 1965 4237 genua.
2007 4156 2052 4219 Et
2073 4169 2138 4220 orat

1270 4243 1428 4306 diutissime.
1475 4246 1519 4306 Et
1541 4250 1680 4324 diaconus,
1702 4252 1822 4324 Leuate,
1846 4261 1873 4313 et
1897 4255 1975 4312 ditat
1998 4258 2136 4314 orationes

1270 4338 1410 4399 sollemnes
1432 4343 1473 4400 ad
1489 4343 1665 4416 hierusalem,
1680 4346 1819 4419 Oremus,
1840 4347 2017 4408 dilectissimi
2038 4349 2134 4421 nobiS,

1270 4432 1359 4491 deum
1380 4445 1502 4512 patrem.
1545 4437 1584 4497 In
1598 4443 1707 4516 preiiiis
1720 4451 1778 4517 pro
1798 4442 1908 4500 eeclesi'a
1928 4448 2023 4500 sancta
2044 4444 2096 4513 dei,
2109 4450 2137 4502 et

1270 4535 1372 4587 ceteras
1385 4532 1581 4606 perordinem,
1595 4537 1670 4594 si'cut
1687 4537 1719 4594 iri
1737 4537 1809 4595 libro
1821 4545 2057 4595 sacramentorum
2071 4557 2134 4596 con·

1271 4623 1384 4696 ti‘netur,
1399 4625 1472 4684 sicut
1490 4638 1580 4704 supra
1598 4631 1628 4687 in
1642 4637 1746 4707 quarta
1752 4631 1847 4709 serta,
1855 4633 2054 4706 pronuntiante
2072 4634 2133 4692 di‘a·

1269 4735 1342 4789 cono,
1362 4718 1526 4780 Flectamus
1553 4739 1659 4798 genua,
1681 4725 1743 4782 nisi
1756 4734 1809 4800 pro
1829 4725 1931 4784 iudait
1950 4730 2056 4785 tantum
2078 4747 2132 4786 non

1260 4812 1394 4889 flectatur
1409 4835 1492 4892 genu.
1547 4815 1724 4877 Subde'aconi'
1739 4826 1817 4878 stant
1835 4827 1910 4879 retro
1930 4821 2028 4893 altare,
2049 4828 2076 4880 et
2093 4821 2137 4881 ibi

1268 4909 1341 4967 sicut
1357 4911 1441 4968 ceteri
1445 4911 1582 4987 flectentes
1596 4932 1699 4990 genua,
1722 4933 1775 4973 nori
1794 4920 1885 4973 tamen
1903 4920 1982 4992 terga
2001 4923 2133 4975 uertentes

1269 5002 1364 5061 altari.
1411 5003 1489 5076 Quas
1510 5013 1544 5064 ut
1556 5007 1681 5085 finierit,
1701 5027 1791 5067 omnes
1813 5009 1893 5066 tacete
1916 5015 2020 5067 exeant
2031 5011 2130 5086 soros.

1268 5096 1431 5164 Notandum
1446 5119 1511 5160 uero
1524 5110 1565 5159 est
1575 5104 1643 5178 quia
1656 5104 1687 5160 in
1702 5120 1817 5160 romana
1830 5103 1940 5160 ecclesia
1953 5103 2133 5180 extinguitur

1268 5198 1339 5250 totus
1359 5194 1435 5271 ignis
1456 5196 1487 5253 in
1507 5196 1561 5254 hac
1570 5196 1664 5273 seria,
1685 5195 1757 5255 hora
1785 5201 1876 5267 sexta,
1897 5203 1923 5254 et
1942 5198 2132 5256 reaccenditur

1268 5286 1340 5344 hora
1357 5307 1440 5348 nona.
1481 5289 1641 5348 Presbiteri'
1654 5308 1720 5348 uera
1734 5290 1920 5364 ecclesiarum,
1934 5289 1993 5348 siue
2011 5291 2044 5348 de
2055 5291 2131 5362 urbe,

1268 5383 1566 5455 intentarunt,
1587 5383 1695 5441 uadem!
1709 5393 1762 5459 per
1778 5383 1905 5458 ecclesias
1928 5401 2002 5457 suas,
2028 5391 2061 5442 ut
2081 5385 2132 5444 hoc

1268 5477 1371 5550 ordine,
1385 5479 1459 5536 hora
1479 5496 1559 5550 nmia,
1573 5485 1670 5536 cuncta
1691 5497 1775 5554 usque
1795 5476 1836 5536 ad
1852 5487 1992 5553 uesperam
2002 5478 2129 5554 soceiint,

1268 5570 1319 5632 hoc
1335 5579 1442 5632 tantum
1458 5578 1603 5646 mutantes,
1617 5577 1651 5630 ut
1668 5572 1719 5632 ubi
1732 5572 1864 5653 pontifex
1884 5573 2009 5632 nune'nit
2026 5579 2134 5650 aposto-
