5124 6608
659 491 819 586 nano.

601 693 707 776 Super
713 693 878 776 populum.

338 821 530 886 Ascendant
545 821 588 885 ad
605 829 647 895 te,
664 821 806 898 domine,
822 839 936 902 preces
953 827 1083 897 nostrae,
1099 826 1132 882 et
1147 815 1191 879 ab

297 921 429 986 ecclesia
458 929 516 985 tua
549 930 701 985 cunctam
736 918 859 1002 repelle
890 917 1080 1001 nequitiam.
1130 917 1193 980 Per

296 1023 488 1086 dominum.t

661 1205 750 1279 little
763 1205 824 1270 uu

463 1363 525 1428 Ad
534 1375 679 1430 sanctam
695 1365 838 1430 mariam
854 1366 1020 1430 maiorem.

336 1489 452 1572 Preces
474 1501 612 1566 nostras,
633 1511 823 1573 quesumus,
846 1492 990 1566 domine,
1013 1489 1193 1555 clementer

295 1591 424 1662 exaudi,
441 1600 475 1656 et
490 1600 604 1654 contra
619 1600 738 1656 cuncta
760 1592 856 1656 nobis
878 1589 1088 1655 aduersantia
1111 1590 1191 1652 dex-

293 1701 397 1754 teram
413 1698 481 1754 tuae
497 1690 681 1755 maiestatis
697 1693 852 1756 extende.
897 1691 984 1754 Pera

693 1878 786 1944 Alia.

335 2003 558 2068 Deuotionem
575 2005 688 2088 populi
700 2005 758 2081 tui,
770 2005 914 2084 domine,
929 2023 1117 2088 quesumus,
1133 2002 1191 2066 be-

294 2102 409 2186 nignus
433 2103 577 2182 intende,
600 2114 637 2170 ut
659 2105 717 2188 qui
739 2125 799 2188 per
820 2104 1057 2169 abstinentiam
1085 2121 1192 2166 mace·

293 2212 402 2268 rantur
418 2203 450 2267 in
472 2223 617 2287 corpore,
633 2225 693 2287 per
707 2204 849 2268 fructum
866 2204 945 2269 boni
966 2205 1074 2287 operis
1089 2201 1191 2267 relici-

291 2314 387 2368 antur
402 2303 435 2366 in
452 2314 573 2368 mente.
618 2304 682 2368 Per
696 2304 869 2369 dominum
885 2313 1060 2369 nostrumr

671 2480 812 2546 Secreta.

334 2605 473 2670 Hostias
495 2605 564 2682 tibi,
581 2604 724 2681 domine,
740 2605 936 2688 placationis
958 2602 1134 2682 offerimus,
1155 2611 1193 2667 ut

292 2714 325 2770 et
339 2705 461 2769 delicta
484 2715 597 2770 nostra
618 2707 791 2769 miseratus
811 2705 975 2783 absoluas,
993 2713 1026 2769 et
1042 2703 1193 2767 nutantia

291 2806 390 2870 corda
404 2815 442 2869 tu
458 2805 589 2888 dirigas.
636 2805 698 2869 Per
713 2805 909 2870 dominum.t

649 2991 823 3074 Proesatio.

333 3119 377 3184 U.
393 3118 436 3182 D.
452 3127 575 3183 aeteme
590 3118 681 3182 deus.
705 3117 774 3201 Qui
789 3118 822 3181 in
836 3117 1031 3182 alimentum
1047 3115 1192 3199 corporis

290 3219 508 3283 humanarum
524 3216 655 3302 frugum
672 3218 802 3300 copiam
817 3219 999 3300 producere
1014 3217 1145 3293 iussisti,
1158 3227 1192 3281 et

292 3321 323 3382 in
340 3318 536 3382 alimentum
552 3319 737 3381 animarum
754 3317 863 3381 ieiunii
880 3317 976 3381 nobis
992 3317 1190 3381 medicinam

291 3418 444 3483 indidisti.
502 3415 554 3482 Te
589 3418 703 3500 itaque
732 3417 898 3500 supplices
935 3437 1122 3490 exoramus,
1154 3425 1191 3481 ut

290 3518 350 3581 tibi
376 3518 419 3580 sit
443 3517 647 3599 acceptabile
673 3517 830 3580 ieiunium
854 3526 1012 3591 nostrum,
1033 3525 1067 3581 et
1091 3535 1150 3580 nos
1170 3535 1190 3578 a

290 3618 370 3682 cibis
389 3617 581 3692 ieiunantes,
597 3638 619 3680 a
633 3616 779 3699 peccatis
801 3616 967 3680 absoluas.
1012 3616 1074 3680 Per
1089 3614 1190 3679 chris·

289 3715 393 3782 tum2.

590 3828 651 3892 Ad
660 3827 887 3911 complendum.

325 3952 400 4028 Tui,
410 3953 554 4032 domine,
563 3955 774 4037 perceptione
784 3953 982 4019 sacramenti
994 3962 1029 4018 et
1040 3974 1060 4018 a
1072 3951 1191 4018 nostris

291 4055 489 4118 mundemur
503 4053 650 4129 occultis,
667 4063 701 4119 et
716 4054 759 4117 ab
782 4053 927 4118 hostium
950 4053 1128 4118 liberemur
1143 4053 1192 4116 in·

243 4151 247 4158 '
290 4154 388 4218 sidiis.
434 4152 497 4218 Per
511 4153 709 4217 dominumr

600 4340 710 4424 Super
715 4341 879 4425 populum.

335 4465 468 4532 Mentes
497 4476 636 4542 nostras,
667 4488 855 4550 quesumus,
888 4468 1031 4544 domine,
1068 4467 1192 4532 lumine

291 4577 349 4649 tue
376 4567 535 4632 claritatis
565 4566 712 4646 inlustra,
736 4579 773 4632 ut
801 4569 913 4632 uidere
938 4569 1101 4652 possimus
1127 4589 1192 4651 que

291 4667 420 4749 agenda
435 4679 521 4745 sunt,
537 4677 570 4731 et
585 4687 660 4750 quae
683 4678 772 4733 recta
794 4678 871 4732 sunt
890 4688 989 4751 agere
1011 4668 1192 4733 ualeamus.

294 4765 355 4830 Per
368 4768 565 4831 dominum

801 5005 844 5044 os.
856 4993 1006 5044 Meditabar.

802 5083 868 5122 coir.
881 5071 1003 5136 Intellige.

802 5153 873 5213 (Luc.
904 5149 976 5200 Dixit
1012 5149 1126 5199 dominus
1160 5147 1193 5198 nd

900 5243 1009 5292 moysen.
1054 5229 1118 5277 Item
1130 5229 1193 5285 aliia,

900 5305 975 5356 Venit
985 5305 1072 5356 belias.

801 5394 846 5434 nv.
864 5385 1029 5434 Accessernnt
1046 5384 1079 5433 ad
1096 5383 1192 5434 ihesum

899 5461 997 5529 scau).

325 4991 333 5019 ¹
350 5003 375 5042 Α.
387 4992 559 5042 Reminisoere.

353 5081 389 5120 es,
401 5070 442 5119 Ad
454 5076 486 5124 te.
498 5069 607 5132 domine,
620 5069 710 5120 leuaui.

352 5161 376 5198 tt.
389 5147 581 5198 Tribulationes.

352 5237 377 5278 v.
390 5227 455 5276 Vide
465 5227 641 5278 humilitatem.

353 5315 396 5356 τι
409 5305 449 5354 De
460 5305 656 5358 necessitatibus.

352 5393 378 5432 v.
390 5382 432 5430 Ad
443 5391 476 5440 te,
488 5382 597 5439 domine,
608 5383 699 5434 leuaui.

351 5470 377 5510 ν.
390 5459 487 5510 Etenim
500 5461 615 5512 uniuersi

324 5534 336 5565 ²
350 5537 381 5588 0.
394 5553 418 5603 p
430 5551 486 5601 3⁰1·
499 5539 526 5590 2.

1618 491 1718 585 liuta
1737 495 1770 574 b.

1626 689 1715 762 stur
1727 691 1767 756 t.¹

1346 813 1409 878 Ad
1419 825 1568 880 sanctum
1584 813 1785 882 laurentium
1791 815 1886 899 foris
1900 837 2041 882 murum.

1289 937 1512 1005 Deuotionem
1548 941 1662 1024 populi
1692 943 1752 1019 tui,
1782 962 1970 1026 quesumus,
2002 940 2145 1020 domine,
2228 965 2231 972 ·

1244 1039 1406 1121 benignus
1421 1040 1565 1117 intende,
1583 1052 1619 1106 ut
1635 1043 1691 1126 qui
1710 1063 1770 1126 per
1784 1042 2018 1108 abstinentiam
2037 1060 2144 1105 mace-

1245 1149 1358 1203 rantur
1379 1139 1413 1202 in
1434 1161 1581 1224 corpore,
1597 1164 1657 1225 per
1680 1142 1822 1208 fructum
1844 1143 1922 1208 boni
1943 1143 2051 1226 operis
2071 1141 2145 1206 refi-

1244 1240 1372 1304 ciantur
1387 1239 1420 1303 in
1436 1252 1557 1307 mente.
1603 1243 1690 1309 Peru

1625 1380 1765 1448 Secreta.

1289 1501 1465 1580 Sacrificia‚
1482 1504 1625 1581 domine,
1638 1526 1826 1589 quesumus,
1840 1506 2001 1590 propitius
2013 1507 2075 1572 ista
2086 1528 2146 1572 nos

1243 1603 1382 1680 saluent,
1394 1624 1470 1687 quae
1487 1605 1737 1671 medicinalibus
1752 1616 1828 1671 sunt
1844 1607 1993 1673 instituta
2009 1607 2144 1672 ieiuniis.

1245 1702 1332 1766 Per.t

1610 1792 1785 1875 Proefattb.

1289 1915 1332 1982 U.
1349 1915 1393 1978 D.
1416 1925 1540 1982 aeteme
1563 1917 1653 1982 deus.
1699 1917 1788 2002 Quia
1810 1929 2025 2002 conpetenter
2046 1927 2148 2000 atque

1245 2013 1417 2080 salubriter
1444 2017 1596 2100 religiosa
1620 2028 1697 2084 sunt
1724 2020 1819 2085 nobis
1845 2019 1994 2085 instituta
2019 2019 2147 2097 ieiunia,

1245 2122 1282 2178 ut
1305 2135 1472 2199 corporeae
1495 2118 1711 2184 iucunditatis
1735 2121 1973 2184 immoderatas
1997 2140 2147 2185 coercea-

1246 2234 1319 2278 mus
1333 2215 1523 2295 inlecebras,
1536 2217 1582 2283 Et
1595 2228 1724 2301 terrene
1733 2219 1962 2284 delectationis
1974 2220 2148 2285 insolentia

1245 2313 1418 2391 refrenata,
1434 2318 1546 2399 purior
1567 2329 1671 2401 atque
1694 2319 1899 2402 tranquillior
1913 2320 2082 2402 appetitus
2104 2321 2147 2384 ad

1245 2413 1389 2479 caelestia
1404 2417 1661 2499 contemplanda
1678 2420 1835 2502 mysteria
1858 2419 2006 2484 fidelium
2029 2420 2148 2483 redda-

1244 2522 1299 2578 tur
1312 2515 1508 2580 animamm.
1554 2518 1617 2582 Per
1632 2518 1790 2584 christum
1800 2517 1823 2583 ².

1546 2680 1578 2743 A
1582 2681 1609 2745 d
1616 2681 1844 2764 compkndum.

1287 2799 1436 2866 Tuorum
1463 2823 1534 2880 nos,
1561 2807 1705 2883 domine,
1731 2807 1884 2892 largitate
1913 2811 2086 2883 donorum,
2114 2818 2148 2873 et

1244 2902 1484 2984 temporalibus
1498 2905 1625 2970 adtolle
1642 2908 1813 2990 praesidiis,
1830 2921 1863 2974 et
1879 2931 2002 2975 renoua
2025 2910 2147 2993 sempi-

1243 3002 1354 3066 ternis.
1400 3001 1487 3068 Per.t

1579 3091 1642 3156 Au
1646 3093 1811 3175 populum.

1288 3206 1352 3285 Da,
1372 3231 1562 3294 quesumus,
1582 3214 1728 3288 domine,
1752 3216 1883 3300 populis
1906 3215 2091 3282 christianis
2113 3227 2147 3282 et

1243 3328 1319 3390 quae
1334 3309 1531 3391 profitentur
1545 3333 1733 3395 agnoscere,
1749 3326 1783 3380 et
1799 3316 1931 3399 caeleste
1943 3337 2061 3381 munus
2072 3316 2146 3381 dili·

1242 3429 1331 3491 gere,
1347 3411 1437 3492 quod
1452 3410 1673 3494 frequentant.
1720 3414 1806 3480 Peru

1621 3625 1709 3699 llrriu
1722 3629 1773 3693 tt*

1503 3757 1566 3822 Ad
1575 3769 1703 3824 sanctos
1717 3762 1882 3846 apostolos.

1288 3881 1373 3947 Esto
1383 3881 1406 3958 ⁴,
1430 3885 1573 3963 domine,
1594 3887 1755 3969 propitius
1777 3887 1867 3970 plebi
1891 3897 1966 3965 tuae,
1989 3896 2023 3951 et
2046 3906 2147 3969 quam

1243 3981 1304 4045 tibi
1319 3980 1400 4045 sacis
1415 4004 1487 4047 esse
1503 3985 1671 4062 deuotam,
1687 3987 1832 4072 benigno
1847 3987 1960 4052 resoue
1976 3986 2148 4051 miseratus

1243 4081 1378 4146 auxilio.
1429 4084 1515 4148 Pera

1625 4171 1766 4238 Secreta.
1860 4209 1864 4218 .

1288 4295 1438 4380 Suscipe,
1456 4297 1601 4378 domine,
1617 4321 1806 4383 quesumus,
1817 4301 1938 4366 nostris
1952 4301 2067 4367 oblata
2081 4321 2147 4364 ser·

1244 4396 1341 4472 uitiis,
1358 4409 1392 4461 et
1406 4408 1465 4462 tua
1480 4400 1643 4482 propitius
1658 4403 1747 4466 dona
1761 4403 1937 4467 sanctifica.
1982 4400 2069 4465 Pera

1277 4595 1285 4624 ¹
1302 4609 1328 4647 Α.
1341 4596 1477 4649 Confessio.

1305 4687 1340 4725 rs.
1353 4675 1466 4726 Caritate.

1305 4765 1330 4804 n.
1343 4753 1449 4803 Custodi
1461 4769 1508 4804 me.

1755 4613 1821 4652 coti.
1834 4601 1908 4652 Panis
1919 4616 1999 4666 quem.

1756 4683 1826 4742 (tue.
1842 4681 1934 4729 Factus
1950 4688 1987 4728 est
2005 4693 2087 4727 sermo
2102 4677 2145 4726 do·

1852 4759 1920 4808 mini.

1305 4847 1331 4885 v.
1344 4835 1384 4885 De
1396 4837 1466 4886 uultu
1479 4843 1530 4888 tuo.
1753 4848 1799 4887 ιν.
1812 4836 1921 4887 Dicebat
1930 4834 2053 4886 ihesusnd
2065 4835 2128 4900 eos).

1305 4925 1347 4964 ou.
1360 4913 1475 4964 Inmittit.

1277 4987 1288 5018 ²
1303 4992 1334 5042 0.
1347 5008 1371 5057 p
1385 5005 1440 5054 ³⁰¹·
1452 4993 1478 5042 7.

1276 5069 1287 5098 ⁸
1303 5081 1329 5120 Α.
1341 5070 1382 5120 De
1393 5070 1589 5122 necessitatibus.
1854 5070 1988 5120 turbentur.

1305 5159 1341 5198 es.
1354 5148 1395 5197 Ad
1407 5156 1438 5208 te,
1448 5148 1557 5209 domine,
1570 5149 1660 5200 lenoni.
1756 5151 1827 5214 (nte.
1841 5147 2089 5206 Heedicitdominus,
2097 5149 2148 5197 ani·

1305 5238 1330 5278 n.
1343 5225 1446 5277 Saluum
1458 5227 1497 5277 sac
1508 5243 1613 5279 seruum.
1854 5243 1896 5277 ma
1906 5243 1953 5294 que
1964 5228 2110 5293 peccauerit.

1306 5315 1332 5355 v.
1345 5305 1454 5355 Auribus
1464 5305 1570 5370 percipe.
1757 5305 1828 5373 [uu]
1842 5307 1904 5356 Erat
1919 5307 1971 5356 dies
1988 5306 2064 5357 festus
2078 5305 2146 5356 iude·

1305 5394 1348 5433 or.
1362 5383 1476 5443 Benedic,
1490 5382 1580 5436 anima.
1852 5387 1944 5446 orum).

1306 5473 1374 5512 cou.
1396 5461 1550 5512 Erubescat
1568 5468 1595 5513 et
1613 5477 1670 5512 eou-

1279 5539 1288 5569 ¹
1305 5539 1402 5591 Adesto
1413 5542 1439 5592 ἵ.
