5148 6612
426 571 470 642 16
691 564 762 657 {ru
788 562 841 636 ittr
865 559 1041 653 amittas.

803 761 944 840 Presafr'o.

464 870 501 934 U.
515 871 554 934 D.
575 889 701 932 munus
722 888 805 930 osus
848 869 940 930 Cuius
961 865 1093 944 potentia
1114 864 1257 927 aetemalis
1278 873 1324 925 est

422 969 454 1028 in
474 968 542 1039 filio,
557 976 587 1027 et
607 964 861 1026 consubstantialis
881 965 913 1023 in
935 963 1036 1040 spiritu
1058 973 1170 1034 sancto,
1184 977 1324 1038 rogamus

422 1080 494 1140 ergo
508 1073 546 1134 te,
560 1061 689 1132 domine,
704 1070 736 1119 ut
749 1078 854 1137 pacem
868 1077 958 1136 quam
975 1058 1006 1117 in
1025 1057 1188 1135 angelicam
1209 1057 1247 1114 ab
1267 1073 1324 1131 quo

422 1157 575 1235 prouidisti
588 1166 723 1215 naturam
737 1155 915 1232 supplicibus
929 1153 986 1213 tuis
1000 1171 1113 1212 annuas
1130 1151 1323 1213 essentialem.

423 1250 469 1311 Te
484 1251 578 1329 igitur,
593 1268 694 1329 regem
706 1267 818 1326 regum,
831 1247 985 1308 dominum
1000 1249 1205 1307 uniuersorum
1219 1243 1324 1304 adora·

422 1363 489 1405 mus
509 1346 540 1404 in
561 1355 742 1423 perpetuum,
765 1362 817 1421 per
843 1343 981 1405 christum
1004 1341 1156 1401 dominum
1181 1349 1322 1400 nostrum.

370 1457 374 1467 ·
423 1438 522 1513 Quem
544 1438 663 1499 laudant
677 1438 781 1516 angeli,
801 1447 965 1515 parescunt
985 1435 1158 1513 archangeli,
1174 1434 1273 1495 throni
1295 1441 1325 1493 et

423 1535 649 1605 dominationes,
661 1551 787 1610 cumque
802 1533 899 1592 omnis
911 1531 1042 1606 celorum
1053 1529 1144 1590 uirtus
1159 1529 1210 1588 tibi
1225 1528 1324 1589 coniu-

422 1629 502 1701 bilai,
517 1646 585 1689 cum
600 1627 740 1688 cherubin
755 1637 784 1686 et
798 1625 935 1704 seraphin
946 1625 1162 1704 proclamemus
1176 1641 1237 1684 una
1249 1639 1325 1682 uoce

423 1722 561 1796 dicentes,

464 1815 597 1889 Sanctus,
612 1826 741 1888 sanctus,
756 1825 884 1876 sanctus.

465 1911 635 1972 Communia.
658 1910 826 1970 Letabimur
840 1912 871 1969 in
893 1907 1008 1968 salutari
1030 1919 1091 1980 tuo,
1107 1917 1135 1966 et
1154 1906 1184 1965 in
1206 1906 1326 1965 nomine

423 2005 536 2066 domini
551 2004 598 2066 dei
614 2005 705 2065 nostri
719 2003 981 2081 magnificabimur.

745 2136 799 2195 Ad
807 2135 1001 2213 complendum.

464 2245 555 2318 Deus,
570 2255 671 2305 auctor
692 2244 784 2322 pacis,
802 2253 831 2303 et
848 2253 961 2303 amator
982 2242 1108 2302 caritatis
1128 2260 1218 2320 quem
1238 2259 1326 2301 nosse

426 2342 535 2412 uiuere,
557 2339 604 2401 cui
626 2339 732 2398 seruire
753 2357 876 2415 regnare
898 2347 959 2411 est;
987 2347 1110 2416 protege
1130 2337 1169 2398 ab
1190 2337 1327 2396 omnibus

423 2436 684 2514 inpugnationibus
718 2431 864 2512 supplices
885 2443 961 2506 tuos,
981 2443 1015 2493 ut
1035 2433 1084 2511 qui
1105 2434 1135 2492 in
1157 2432 1327 2492 defensione

424 2541 475 2590 tua
502 2529 686 2601 confidimus,
715 2528 823 2588 nullius
853 2528 1017 2588 hostilitatis
1052 2545 1134 2586 arma
1164 2526 1326 2587 timeamus.

425 2624 504 2685 Pera

655 2742 768 2818 fflissa
788 2761 841 2826 prr
861 2743 915 2808 iter
936 2743 1101 2824 agentibus.

466 2859 603 2931 Domine,
617 2859 763 2937 refugium
784 2860 877 2921 factus
898 2879 930 2921 es
951 2860 1037 2920 nobis
1058 2879 1077 2920 a
1096 2859 1285 2938 generatione
1299 2869 1328 2918 et

427 2955 568 3034 progenie
582 2973 600 3014 a
614 2955 714 3030 seculo
729 2965 758 3014 et
772 2955 802 3014 in
817 2955 947 3030 seculum
962 2964 994 3015 tu
1008 2971 1050 3016 es,

467 3049 642 3128 Priusquam
656 3060 773 3110 montes
787 3049 896 3110 fierent.

816 3174 945 3236 Collecfo.

469 3280 591 3354 Adesto,
618 3281 747 3353 domine,
772 3281 1035 3358 supplicationibus
1059 3282 1174 3354 nostris,
1197 3291 1225 3341 et
1249 3279 1328 3341 uiam

427 3374 527 3435 famuli
549 3376 605 3436 tui¹
634 3375 680 3436 .N.
706 3373 767 3455 (uel
790 3371 995 3458 [famu]lorum
1016 3375 1247 3453 famulammque
1266 3383 1328 3434 tua·

427 3466 525 3548 rum)¹
551 3471 743 3546 omniumque
771 3470 826 3531 sibi
862 3469 1064 3531 adherentium
1090 3471 1121 3528 in
1150 3469 1249 3530 salutis
1280 3477 1329 3545 tue

429 3563 620 3642 prosperitate
645 3564 779 3642 dispone,
805 3575 837 3624 ut
861 3565 936 3624 inter
960 3581 1065 3624 omnes
1096 3563 1143 3638 uie
1170 3562 1217 3622 uel
1244 3561 1330 3623 huius

431 3658 491 3732 uite
505 3657 659 3718 uarietates
672 3669 725 3718 tuo
739 3675 856 3737 semper
869 3667 1039 3736 protegatur
1054 3657 1113 3738 (uel
1129 3653 1330 3735 protegantur)

433 3751 551 3812 auxilio.
593 3752 671 3812 Pers

718 3847 813 3906 Lectio
826 3847 897 3907 latri
903 3848 1014 3925 genesis
1022 3846 1042 3906 ³.

472 3941 509 4002 ln
534 3943 637 4004 diebus
659 3943 713 4004 illis
740 3944 854 4005 locutus
881 3955 927 4004 est
955 3942 1092 4004 dominus
1121 3943 1158 4002 ad
1183 3942 1330 4015 abraham,

430 4038 550 4110 dicens;
579 4037 718 4098 dominos
743 4039 817 4099 deus
845 4039 909 4113 celi,
933 4038 983 4116 qui
1009 4037 1072 4097 tulit
1098 4055 1146 4096 me
1175 4037 1212 4098 de
1240 4038 1331 4097 domo

430 4131 520 4209 patris
535 4131 602 4201 mei,
618 4142 647 4191 et
664 4151 681 4191 e
701 4142 777 4192 terra
798 4133 955 4192 natiuitatis
977 4149 1061 4207 mea;
1083 4131 1133 4209 qui
1152 4131 1267 4191 locutus
1288 4140 1332 4190 est

431 4225 502 4285 mihi
516 4234 545 4285 et
562 4226 667 4286 iurauit
675 4228 695 4298 ⁴,
710 4227 819 4300 dicens,
835 4228 938 4287 semini
955 4237 1005 4286 tuo
1027 4227 1105 4286 dabo
1127 4235 1231 4286 terram
1246 4225 1332 4296 hanc,

431 4321 495 4397 ipse
509 4319 605 4379 mittet
618 4320 756 4398 angelum
770 4339 856 4382 suum
871 4339 971 4382 coram
986 4331 1023 4381 te.

474 4412 630 4474 Graduale.
651 4415 774 4493 Angelis
802 4415 862 4475 suis
893 4415 967 4476 deus
998 4413 1150 4474 mandauit
1179 4413 1216 4473 de
1244 4423 1272 4472 te
1300 4423 1332 4472 ut

431 4507 596 4568 custodiant
610 4517 639 4567 te
653 4509 682 4566 in
697 4509 835 4569 omnibus
849 4509 903 4568 uiis
917 4510 983 4569 tuis.

479 4602 511 4661 V.
531 4601 569 4660 In
588 4603 725 4663 manibus
746 4603 905 4682 portabunt
926 4613 955 4663 te
977 4622 1015 4663 ne
1035 4619 1177 4680 umquam
1197 4601 1331 4663 offendas

432 4697 470 4756 ad
483 4695 610 4772 lapidem
624 4697 733 4774 pedem
747 4707 837 4758 tuum.
881 4697 983 4758 deuia.

482 4790 510 4849 V.
533 4788 670 4862 Domine,
694 4792 767 4853 deus
796 4791 895 4852 salutis
921 4810 998 4868 mee,
1022 4791 1054 4850 in
1082 4792 1129 4852 die
1154 4791 1279 4852 clamaui
1304 4801 1332 4850 et

432 4895 520 4945 nocte
534 4901 633 4945 coram
647 4896 685 4946 te.

707 4983 881 5045 'Secundum
902 4985 1068 5045 matteum.

469 5091 506 5150 ln
517 5091 565 5152 illo
576 5101 708 5170 tempore
720 5092 792 5152 dixit
801 5091 900 5153 ihesus
912 5092 1060 5171 discipulis
1071 5094 1140 5166 suis;
1156 5104 1258 5155 euntes
1267 5111 1332 5170 pre·

434 5183 529 5246 dicate
546 5188 685 5258 dicentes,
698 5188 766 5264 quia
780 5187 1026 5266 appropinquabit
1037 5207 1161 5266 regnum
1175 5189 1304 5249 celorum
1313 5188 1332 5246 ⁸.

433 5277 469 5337 In
490 5299 695 5358 quamcunque
717 5292 815 5341 autem
835 5282 982 5341 ciuitatem
1007 5282 1051 5341 et⁷
1073 5282 1223 5342 castellum
1245 5283 1332 5341 intra-

1215 5429 1225 5459 ¹
1242 5431 1274 5480 V.
1284 5447 1332 5480 om.

1122 5509 1133 5540 ⁸
1149 5509 1212 5560 Mat.
1224 5527 1247 5560 x.
1261 5520 1333 5574 7-15.

467 5428 474 5460 ¹
491 5427 579 5478 Above
591 5429 633 5480 the
644 5428 694 5480 line
703 5430 728 5480 in
739 5445 755 5479 a
766 5437 956 5495 contemporary
966 5430 1041 5482 hand.

466 5507 476 5536 ³
493 5505 557 5558 Gen.
568 5509 634 5559 xxiv.
648 5519 670 5571 7.
804 5506 815 5538 ⁴
831 5508 993 5566 Vul.÷mihi.

465 5585 785 5640 ‘Vuielofumos-suo.
883 5585 968 5638 'Vah
980 5595 1030 5638 aut.

1655 555 1726 648 251⁰
1750 555 1804 628 iot
1830 551 2006 644 agentibus.

1376 755 1483 829 ueritis,
1498 754 1674 833 interrogate
1693 754 1759 832 quis
1778 755 1808 812 in
1826 773 1862 816 ea
1879 753 1986 830 dignus
2003 752 2047 823 sit,
2063 761 2092 812 et
2106 749 2146 810 ibi
2161 759 2276 811 manete

1377 849 1473 909 donec
1484 848 1601 909 exeatis.
1623 847 1769 908 Intrantes
1780 858 1880 909 autem
1894 847 1926 907 in
1942 846 2064 907 domum
2075 844 2197 906 salutate
2210 863 2276 904 eam

1377 943 1524 1016 dicentes;
1545 963 1604 1022 pax
1618 943 1686 1003 huic
1701 943 1810 1014 domui,
1825 942 1892 1004 etsi
1907 941 2026 1020 quidem
2045 939 2130 1000 fuerit
2149 935 2277 1001 domus¹

1376 1037 1467 1114 digna
1493 1038 1614 1098 ueniat²
1642 1056 1700 1114 pax
1728 1047 1824 1096 uestra
1852 1055 1939 1115 super
1967 1053 2050 1108 eam;
2087 1034 2151 1094 sin'
2178 1044 2276 1094 autem

1376 1152 1437 1193 non
1459 1133 1542 1194 fuerit
1562 1133 1661 1212 digna,
1675 1151 1734 1211 pax
1754 1142 1851 1192 uestra
1872 1131 1910 1192 ad
1936 1148 1992 1192 uos
2013 1129 2197 1190 reuerteturt
2238 1126 2278 1188 Et

1376 1229 1554 1307 quicumque
1568 1246 1630 1288 non
1644 1227 1784 1304 receperit
1799 1244 1863 1297 uos,
1878 1244 1974 1304 neque
1992 1223 2113 1284 audierit
2127 1241 2278 1284 sermones

1376 1333 1499 1396 uestros,
1514 1332 1655 1383 exeuntes
1676 1321 1755 1381 foras
1776 1321 1813 1381 de
1834 1321 1927 1382 domo
1944 1318 1991 1380 uel
2012 1318 2136 1390 ciuitate,
2151 1317 2278 1378 excutite

1376 1418 1526 1496 puluerem
1540 1416 1576 1477 de
1591 1417 1717 1495 pedibus
1727 1417 1838 1478 uestris.
1874 1416 1972 1475 Amen
1989 1413 2056 1474 dico
2070 1413 2165 1484 uobis,
2174 1412 2279 1472 tolera·

1376 1513 1462 1572 bilius
1484 1513 1538 1572 erit
1557 1522 1631 1586 terre
1652 1512 1844 1572 sodomorum
1865 1519 1895 1570 et
1915 1526 2140 1588 gomorreorum
2159 1508 2210 1566 in⁶
2232 1507 2279 1567 die

1377 1607 1474 1667 iudicii
1488 1625 1577 1685 quam
1592 1607 1631 1666 illi
1646 1607 1764 1667 ciuitati.

1421 1700 1610 1779 Offlrtmicm.
1633 1700 1744 1760 Perfice
1762 1718 1879 1778 gressus
1897 1716 1981 1759 meos
2001 1698 2032 1757 in
2046 1696 2154 1757 semitis
2169 1697 2233 1769 tuis,
2247 1705 2280 1756 ut

1378 1815 1440 1856 non
1461 1806 1634 1857 moueantur
1654 1796 1780 1873 uestigia
1796 1812 1881 1867 mea;
1903 1794 2011 1854 inclina
2031 1811 2131 1852 aurem
2152 1802 2281 1851 tuamet

1378 1891 1484 1950 exaudi
1511 1893 1600 1950 uerba
1627 1908 1711 1961 mea;
1742 1890 1865 1950 mirifica
1893 1887 2105 1949 misericordias
2133 1897 2198 1947 tuas
2229 1887 2280 1965 qui

1379 1985 1477 2047 saluos
1491 1985 1563 2046 facis
1577 1997 1727 2064 sperantes
1741 1986 1772 2045 in
1786 1999 1823 2057 te,
1838 1985 1967 2045 domine.

1772 2163 1892 2226 Secreta.

1419 2270 1587 2349 Propitiare,
1609 2273 1737 2345 domine,
1758 2271 2020 2351 supplicationibus
2041 2271 2156 2341 nostris,
2177 2279 2206 2330 et
2227 2270 2280 2332 has

1378 2366 1542 2427 oblationes
1569 2386 1643 2446 quas
1671 2368 1722 2427 tibi
1750 2368 1900 2428 offerimus
1928 2383 1982 2444 pro
2006 2364 2117 2424 famulo
2146 2376 2197 2425 tuo
2222 2364 2283 2445 (uel

1378 2459 1502 2532 famulis,
1530 2460 1692 2522 famulabus
1726 2459 1796 2540 tuis)
1846 2460 1893 2521 .N.
1928 2459 2144 2537 omnibusque³
2179 2478 2280 2521 secum

1379 2557 1604 2616 comitantibus⁸
1631 2557 1777 2636 benignus
1804 2573 1931 2627 assume,
1959 2565 1990 2615 ut
2018 2555 2096 2614 uiam
2124 2554 2198 2615 illius
2226 2554 2284 2635 (uel

1378 2651 1442 2709 uias
1463 2649 1591 2731 illorum)
1611 2652 1787 2729 precedente
1808 2650 1899 2728 gratia
1920 2661 1971 2710 tua
1990 2649 2105 2728 dirigas,
2126 2661 2156 2710 et
2178 2651 2280 2712 subse-

1379 2755 1487 2821 quente
1502 2747 1632 2806 comitari
1647 2746 1785 2824 digneris,
1794 2756 1825 2804 ut
1836 2745 1873 2806 de
1887 2755 1954 2805 actu
1968 2754 2055 2822 atque
2069 2745 2227 2826 incolo(uel
2234 2745 2281 2826 u)-

1378 2839 1478 2898 mitate
1506 2841 1568 2902 eius
1596 2838 1656 2920 (uel
1681 2839 1796 2919 eorum)
1818 2838 1981 2900 secundum
2007 2839 2206 2917 misericordie
2233 2853 2281 2918 tue

1381 2934 1507 3010 presidia
1520 2936 1710 3012 gaudeamus.
1752 2934 1832 2994 Pers

1758 3113 1899 3193 Presolr'o.

1421 3219 1458 3279 U.
1474 3220 1511 3280 D.
1526 3230 1634 3282 aeteme
1648 3221 1730 3282 deus.
1766 3220 1858 3282 Cuius
1877 3223 2040 3282 inmensam
2054 3222 2281 3284 misericordiam

1381 3313 1549 3376 humillimis
1576 3317 1711 3394 precibus
1743 3316 1942 3394 imploramus,
1970 3325 2003 3377 ut
2031 3316 2084 3377 iter
2112 3317 2211 3377 famuli
2240 3320 2281 3379 tui

1382 3407 1570 3488 (famulorum
1591 3421 1716 3482 tuomm,
1738 3409 1968 3489 famularumque
1989 3409 2117 3492 tuarum)
2132 3430 2200 3472 cum
2221 3414 2281 3472 suis

1381 3504 1411 3562 in
1426 3505 1617 3581 prosperitate
1632 3504 1772 3582 dirigere3
1794 3524 1919 3583 eumque
1931 3503 2061 3585 (eosque,
2077 3504 2197 3585 easque)
2208 3507 2282 3567 inter

1382 3599 1429 3673 uie
1450 3609 1479 3658 et
1499 3599 1559 3673 uite
1583 3599 1668 3658 huius
1688 3601 1843 3659 uarietates
1866 3599 1995 3676 digneris
2016 3601 2163 3660 custodire
2170 3621 2180 3674 ς
2208 3619 2281 3678 qua-

1383 3693 1460 3752 tinus
1471 3692 1643 3770 angelorum
1656 3704 1772 3754 tuorum
1787 3694 1916 3769 presidio
1927 3692 2024 3767 fultus,
2036 3705 2065 3754 et
2074 3697 2282 3756 intercessione

1383 3797 1552 3848 sanctorum
1565 3789 1695 3848 munitus
1709 3786 1833 3867 (muniti,
1847 3788 1980 3868 munite),
1996 3807 2015 3848 a
2028 3790 2141 3850 cunctis
2154 3789 2282 3850 aduersi·

1383 3882 1490 3942 tatibus
1520 3892 1570 3941 tua
1597 3882 1783 3942 miseratione
1811 3880 1948 3942 defensus
1976 3880 2110 3961 (defensi,
2140 3881 2280 3962 defense),

1383 3975 1571 4052 profectionis
1585 3986 1615 4036 et
1634 3978 1809 4038 reuersionis
1831 3995 1883 4052 sue
1904 3977 2039 4038 felicitate
2054 3979 2163 4056 potitus
2178 3977 2281 4058 (potiti,

1383 4068 1487 4149 potite)
1509 4082 1538 4131 et
1562 4089 1687 4149 compos
1708 4071 1889 4152 (compotes)
1910 4071 2046 4132 reddatur
2065 4074 2206 4133 iustorum
2228 4091 2284 4133 uo·

1382 4175 1488 4236 torum,
1502 4175 1532 4225 et
1546 4164 1583 4225 de
1604 4183 1724 4226 suorum
1745 4165 1847 4240 letetur
1862 4165 2011 4247 (lqtentur)
2025 4167 2197 4228 remissione
2214 4187 2282 4247 pec·

1384 4270 1523 4319 catorum.
1560 4258 1616 4319 Per
1630 4260 1779 4320 christum.

1427 4353 1598 4414 Communia.
1621 4353 1754 4432 Scapulis
1778 4355 1838 4414 suis
1859 4354 2045 4415 obumbrabit
2064 4356 2116 4433 tibi
2137 4354 2282 4431 dominus,

1384 4458 1413 4507 et
1427 4449 1481 4506 sub
1490 4447 1595 4526 pennis
1606 4449 1668 4508 eius
1682 4449 1822 4526 sperabis,
1834 4459 1917 4508 scuto
1931 4449 2121 4510 circumdabit
2134 4461 2164 4510 te
2177 4452 2283 4511 ueritas

1383 4542 1454 4602 eius.

1710 4663 1964 4740 Adcomplendum.

1424 4768 1515 4842 Deus,
1527 4771 1578 4849 qui
1589 4770 1775 4848 diligentibus
1790 4781 1818 4830 te
1832 4770 2061 4830 misericordiam
2072 4779 2153 4830 tuam
2167 4789 2285 4849 semper

1383 4864 1538 4941 impendis,
1558 4874 1587 4926 et
1614 4883 1632 4924 a
1656 4864 1848 4924 seruientibus
1875 4864 1926 4924 tibi
1950 4866 1981 4924 in
2006 4864 2084 4924 nulla
2107 4883 2140 4925 es
2164 4866 2286 4944 regione

1384 4958 1571 5037 longinquus,
1586 4959 1677 5037 dirige
1692 4961 1771 5018 uiam
1791 4958 1891 5019 famuli
1906 4961 1947 5019 tui
1963 4961 2022 5035 (uel
2034 4960 2096 5018 uias
2111 4959 2287 5020 famulorum

1385 5051 1614 5132 famularumque
1625 5051 1752 5132 tuarum)
1762 5051 1810 5113 .N.
1819 5055 2011 5132 omniumque
2020 5054 2075 5114 sibi
2084 5053 2285 5128 adherentium

1385 5167 1415 5208 m
1433 5149 1552 5208 ueritate
1564 5160 1614 5209 tua
1622 5168 1630 5221 ;
1645 5159 1678 5208 ut
1692 5157 1721 5207 te
1735 5157 1909 5225 protectore,
1921 5156 1949 5208 te
1963 5147 2100 5226 preduce,
2114 5165 2167 5224 per
2181 5148 2286 5222 iustitie

1385 5243 1503 5301 semitas
1518 5243 1581 5302 sine
1596 5242 1760 5302 offensione
1773 5239 1977 5322 gradia(n)tur.
2020 5241 2099 5302 Pera

1420 5507 1589 5561 ¹VuL÷illa
1688 5507 1772 5558 'Vol
1785 5508 1875 5559 veniet.
1977 5507 2103 5558 'vulsi
2202 5506 2288 5557 ‘vul

1389 5586 1629 5642 reverteturadvos.
1726 5585 1755 5617 Η
1771 5585 1803 5635 V.
1815 5603 1860 5636 om.
