5122 6610
429 593 501 672 144
580 575 665 663 ᾗῇ.
684 572 892 663 lttarulltut,
910 567 979 663 ter..
997 570 1116 668 mut,
1134 578 1190 649 tre.

425 799 509 862 quos
531 779 596 844 tuis
615 773 723 842 reficis
745 773 966 853 sacramentis,
981 774 1205 840 intercedente
1221 775 1322 839 beato
1345 763 1347 768 ’
1435 819 1437 828 .

424 878 595 944 nicomede
610 885 754 959 martyre
769 883 837 953 tuo,
848 874 908 940 tibi
924 875 1024 939 etiam
1038 874 1166 957 placitis
1179 874 1323 939 moribus

421 977 600 1062 dignanter
613 974 739 1040 tribuas
753 975 929 1040 deseruire.
966 973 1052 1038 Pers

421 1228 520 1296 nun.
533 1246 600 1294 nun.
614 1229 677 1293 iun.
707 1225 820 1292 liutulr
834 1231 1000 1292 saccutum
1013 1213 1168 1290 marcellini
1183 1231 1210 1290 tt
1225 1225 1323 1308 pettit

466 1363 568 1441 Deus,
590 1361 648 1445 qui
664 1381 724 1426 nos
746 1381 854 1425 annua
877 1367 1062 1442 martyrum
1084 1369 1216 1424 tuorum
1236 1377 1321 1424 mar-

422 1461 530 1527 cellini
556 1470 590 1526 et
619 1462 702 1544 petri
730 1469 912 1544 martynrm
938 1470 1071 1524 tuorum
1100 1457 1322 1525 sollemnitate

420 1561 579 1638 laetificas,
590 1569 720 1644 praesta,
732 1579 919 1642 quesumus,
930 1569 968 1623 ut
982 1579 1123 1642 quorum
1138 1561 1322 1643 gaudemus

422 1661 548 1727 meritis
560 1679 780 1748 prouocemur
795 1658 967 1742 exemplis.
1012 1660 1098 1725 Pers

802 1844 943 1912 Secreta.

436 2053 438 2060 γ
467 1973 590 2038 Hostia
625 1971 707 2048 haec,
743 1990 932 2053 quesumus,
970 1971 1113 2049 domine,
1148 1993 1248 2055 quam
1288 1973 1322 2037 in

421 2081 611 2138 sanctorum
634 2067 789 2136 tuorum²
811 2070 967 2137 natalitiis
988 2081 1196 2136 recensentes
1218 2072 1323 2137 offeri·

421 2194 502 2245 mus,
530 2181 564 2238 et
590 2170 721 2236 uincula
748 2179 869 2235 nostrae
896 2170 1069 2255 prauitatis
1097 2171 1261 2252 absoluat,
1289 2181 1322 2237 et

420 2282 478 2355 tue
515 2271 611 2336 nobis
648 2269 880 2336 miscricordiae
917 2271 1006 2336 dona
1042 2269 1204 2336 conciliet.
1261 2272 1323 2338 Per

420 2371 592 2436 dominum
607 2377 782 2434 nostrum.Y

780 2555 954 2640 Prusatio.

463 2683 509 2750 U.
524 2683 568 2747 D.
585 2690 708 2747 aeterne
727 2683 821 2748 deus.
866 2682 970 2766 Apud
994 2703 1093 2766 quem
1116 2702 1249 2767 semper
1270 2692 1322 2748 est

419 2782 568 2867 preclara
589 2781 659 2847 uita
680 2791 878 2859 sanctorum,
895 2803 1037 2866 quorum
1060 2803 1120 2847 nos
1144 2802 1233 2847 mors
1247 2802 1321 2866 pre-

419 2882 507 2946 ciosa
522 2881 668 2946 laetiiicat
689 2891 723 2948 et
745 2891 866 2947 tuetur.
905 2880 1117 2967 Quapropter
1138 2893 1321 2966 martyrum

419 2990 552 3045 tuorum
579 2980 758 3046 marcellini
782 2992 816 3046 et
839 2982 924 3067 petri
949 2980 1092 3066 gloriosa
1115 2991 1322 3047 recensentes

420 3080 579 3156 natalitia,
594 3079 710 3145 laudes
724 3081 784 3145 tibi
800 3081 977 3158 referimus,
992 3088 1026 3145 et
1042 3081 1322 3164 magnificentiam

419 3189 512 3245 tuam
540 3178 706 3264 supplices
739 3200 926 3259 exoramus,
957 3180 1008 3245 Ut
1035 3200 1175 3265 quorum
1208 3201 1322 3246 sumus

420 3280 578 3364 martyria
593 3288 798 3358 uenerantes,
812 3278 1026 3345 beatitudinis
1049 3300 1235 3345 mereamur
1250 3301 1323 3345 esse

420 3389 599 3445 consortes.
644 3379 708 3444 Per
722 3378 880 3444 christum
889 3378 913 3443 ³.

722 3564 784 3630 Ad
793 3565 1020 3650 complendum.

465 3688 569 3788 Sacro
599 3711 733 3757 munere
766 3691 877 3757 satiati
910 3692 1076 3776 supplices
1105 3701 1148 3768 te,
1178 3693 1320 3768 domine,

421 3790 638 3873 deprecamur
650 3799 686 3854 ut
701 3792 790 3872 quod
806 3791 921 3856 debito
936 3791 1104 3856 seruitutis
1116 3791 1321 3857 celebramus

420 3889 528 3954 officio
537 3887 560 3966 ⁴,
584 3887 776 3956 saluationis
798 3900 865 3958 tuae
891 3891 1071 3957 sentiamus
1092 3902 1320 3976 augmentum.

422 3988 508 4053 Peru

466 4232 512 4299 a.
526 4235 564 4299 n.
578 4235 639 4300 iun
674 4235 788 4301 Nutalr
804 4241 971 4304 mmmmm
986 4237 1070 4318 primi
1085 4241 1113 4301 rt
1129 4237 1281 4302 &Haurit
1352 4277 1353 4280 =

464 4367 532 4436 Fac
547 4389 616 4446 nos,
629 4369 772 4446 domine,
785 4390 972 4454 quesumus,
984 4380 1173 4440 sanctorum
1187 4379 1320 4438 tuorum

419 4467 518 4549 primi
540 4477 574 4532 et
597 4466 737 4534 feliciani
764 4489 895 4553 semper
920 4470 1006 4535 festa
1031 4471 1159 4550 sectari,
1180 4491 1321 4555 quorum

420 4564 584 4650 suffragiis
599 4568 810 4651 protectionis
826 4578 893 4633 tuae
907 4570 996 4634 dona
1004 4571 1187 4654 capiamus.
1228 4571 1291 4635 Per
1298 4571 1320 4634 ⁶.

453 4759 462 4789 ¹
479 4773 506 4812 Α.
518 4761 704 4814 Clamauerunt.

481 4851 518 4889 Ps.
532 4840 679 4892 Benedicent
689 4840 827 4892 dominum.

481 4933 507 4972 n.
520 4922 646 4973 Iustorum
657 4923 753 4974 anime.

481 5011 509 5049 v.
520 4999 576 5050 Uisi
587 5009 645 5052 sunt
656 5001 745 5052 oculis.

454 5075 464 5106 ¹
481 5075 623 5128 Marcellini
634 5086 659 5129 et
671 5079 738 5130 Petri
748 5079 781 5129 Y.

453 5153 464 5182 ¹
479 5152 512 5204 0.
523 5170 549 5221 p.
563 5169 618 5218 3²²·
633 5157 661 5208 Z.

454 5231 465 5262 ⁶
480 5231 693 5284 intercedentibus
704 5233 797 5285 aanm's
807 5234 858 5285 tuis
868 5233 1018 5285 Marcellino
1030 5239 1056 5284 et
1067 5233 1141 5284 Petro
1153 5232 1185 5285 Y.

454 5311 464 5340 ⁸
481 5320 507 5360 Α.
516 5309 669 5376 Sapientiam
680 5319 829 5364 sanctorum.
929 5324 974 5363 ΑΙ..
986 5311 1118 5363 Mirabilia.

483 5399 520 5438 ns.
534 5389 659 5452 Exultate,
670 5390 737 5441 iusti.
930 5401 974 5442 or.
992 5388 1125 5441 Mirabilis.

482 5477 508 5516 a.
520 5465 680 5518 Exultabnnt.
928 5479 971 5520 cn.
984 5469 1040 5535 Ego
1050 5483 1097 5520 nos
1108 5466 1181 5534 etegt
1231 5459 1242 5488 ⁴

482 5552 509 5592 ν.
521 5542 627 5596 Cautate
637 5545 747 5598 domino.

452 5618 465 5652 ⁴
482 5619 512 5673 li.
523 5635 548 5688 p.
562 5623 618 5675 118.

929 4774 972 4814 At..
983 4764 1022 4815 Te
1032 4770 1178 4830 martyrum.

930 4853 974 4893 os.
985 4841 1117 4894 hunni.

929 4933 972 4971 cn.
985 4921 1111 4972 Iustorum
1122 4921 1211 4972 anime.

1589 574 1675 663 ὦῶ.
1694 573 1871 666 uastat,
1890 577 1963 666 itt,
1981 577 2067 655 vlt

1754 776 1895 844 Secreta.

1420 900 1504 978 Fiat,
1517 902 1660 983 domine,
1672 923 1858 986 quesumus,
1870 903 1981 969 hostia
1994 904 2155 970 sacranda
2166 905 2276 988 placa-

1375 998 1452 1065 bilis
1465 1001 1601 1084 pretiosi
1616 1001 1808 1068 celebritate
1823 1003 1980 1086 martyrii,
2000 1023 2075 1088 quae
2091 1013 2125 1069 et
2139 1015 2275 1089 peccata

1376 1108 1487 1164 nostra
1495 1101 1653 1184 purificet,
1663 1111 1697 1167 et
1706 1111 1839 1168 tuorum
1848 1102 1908 1167 tibi
1919 1113 1998 1168 uota
2008 1103 2159 1170 conciliet
2167 1104 2274 1188 iamn-

1374 1197 1491 1264 lorum.
1536 1200 1599 1265 Per
1608 1199 1628 1266 ¹.

1672 1285 1734 1350 Ad
1742 1287 1970 1371 complendum.

1419 1410 1617 1494 Quesumus,
1646 1413 1857 1496 omnipotens
1890 1413 1981 1493 deus,
2014 1422 2052 1478 ut
2084 1425 2271 1480 sanctorum

1374 1517 1505 1574 tuorum
1519 1509 1694 1576 celestibus
1707 1513 1871 1595 mysteriis
1883 1513 2049 1578 celebrata
2061 1513 2271 1592 sollemnitas,

1374 1609 1616 1747 indrplgentmm
1639 1611 1733 1676 nobis
1757 1621 1824 1677 tuae
1846 1612 2087 1698 propitiationis
2111 1614 2271 1698 adquirat.

1375 1709 1467 1776 Per.

1413 1969 1466 2036 llll.
1480 1972 1519 2035 rt.
1533 1970 1594 2035 ton
1627 1969 1805 2129 Sumucpm
1818 1973 1962 2103 tau'i'tltts,
1976 1974 2073 2056 qrtnt.
2087 1975 2214 2046 naturis.

1737 2083 1750 2128 r
1778 2081 1916 2144 uagum.

1418 2195 1616 2262 Sanctorum
1634 2196 1791 2277 basilidis,
1807 2198 1919 2282 cyrini,
1935 2196 2074 2279 naboris,
2091 2206 2125 2265 et
2145 2197 2272 2276 nazarii,

1374 2317 1562 2381 quesumus,
1593 2296 1738 2374 domine,
1769 2298 1919 2364 natalitia
1948 2299 2044 2363 nobis
2077 2298 2191 2364 uotiua
2222 2319 2272 2362 re·

1373 2395 1579 2479 splendeant,
1610 2407 1644 2461 et
1678 2398 1767 2479 quod
1805 2397 1869 2462 illis
1902 2396 2041 2462 contulit
2076 2396 2271 2463 excellentia

1373 2497 1583 2580 sempiterna,
1594 2494 1752 2561 fructibus
1764 2505 1884 2561 nostrae
1897 2497 2084 2562 deuotionis
2095 2499 2269 2563 adcrescat.

1449 2593 1464 2632 4

1374 2595 1438 2660 Per
1464 2644 1472 2659 .
1750 2682 1890 2748 Secreta.

1416 2806 1479 2872 Pro
1512 2819 1701 2873 sanctorum
1734 2810 1890 2886 basilidis,
1922 2809 2035 2893 cyrini,
2069 2810 2208 2890 naboris,
2237 2819 2270 2876 et

1372 2908 1493 2971 nazarii
1507 2909 1667 2992 sanguine
1689 2910 1889 2987 uenerando,
1904 2908 2030 2975 hostias
2044 2909 2115 2990 tibi,
2130 2908 2272 2989 domine,

1372 3005 1576 3072 sollemniter
1605 3008 1826 3089 immolamus,
1853 3020 1911 3074 tua
1938 3009 2101 3074 mirabilia
2129 3019 2272 3095 pertrac-

1371 3114 1489 3182 tantes,
1506 3126 1564 3192 per
1574 3128 1650 3192 quae
1665 3108 1742 3173 talis
1757 3117 1808 3174 est
1823 3109 1970 3195 perlecta
1985 3109 2131 3174 uictoria.
2180 3109 2270 3174 Per⁶.

1667 3281 1729 3346 Ad
1738 3283 1969 3367 complendum.

1416 3404 1566 3490 Semper,
1574 3407 1912 3488 domine,sanctonrm
1923 3419 2105 3493 martyrum
2114 3409 2270 3490 basilidis,

1372 3505 1486 3588 cyrini,
1505 3507 1647 3586 naboris,
1668 3519 1702 3573 et
1724 3508 1846 3572 nazarii
1866 3508 2038 3573 sollemnia
2060 3509 2271 3587 celebremus,

1373 3612 1410 3669 ut
1425 3625 1539 3670 eorum
1554 3606 1737 3691 patrocinia
1752 3608 1872 3692 iugiter
1887 3609 2076 3678 sentiamus.
2122 3609 2184 3673 Per
2192 3609 2213 3672 ⁸.

1468 3878 1583 3946 witi.
1597 3879 1658 3948 irat
1674 3881 1725 3946 lat
1761 3880 1874 3947 tiaratr
1891 3882 1987 3948 arnul
2002 3883 2059 3948 uiti
2074 3884 2181 3964 purri'.

1415 4014 1471 4079 Da
1499 4013 1646 4079 ecclesiae
1671 4023 1748 4092 tuae,
1773 4035 1961 4098 quesumus,
1986 4013 2130 4095 domine,
2155 4024 2271 4081 sancto

1371 4114 1441 4179 uitu
1466 4113 1700 4192 intercedente,
1724 4113 1866 4198 superbe
1889 4135 1956 4179 non
1978 4134 2102 4198 sapere,
2129 4117 2188 4181 sed
2209 4115 2270 4181 tibi

1371 4213 2269 4298 placitahumilitateproficerentproteruadespiciens,

1370 4333 1589 4397 quaecumque
1599 4322 1729 4380 matura
1743 4322 1819 4379 sunt
1834 4311 1937 4378 libera
1953 4325 2107 4380 exerceat
2122 4315 2268 4382 caritate.

1372 4413 1434 4479 Per
1442 4413 1466 4478 ⁸.

1750 4499 1890 4566 Secreta

1412 4623 1508 4690 Sicut
1534 4623 1674 4707 gloriam
1702 4624 1824 4689 diuinae
1854 4625 2014 4708 potentias
2042 4645 2180 4689 munera
2208 4644 2269 4707 pro

1857 4838 1868 4869 Ι

1879 4839 1925 4967 AIE-
1935 4917 2096 4969 Exultabnnt.

1404 4839 1413 4869 ¹
1430 4840 1460 4890 F..
1470 4857 1497 4905 p.
1510 4843 1564 4892 118.

1403 4921 1414 4952 ⁸
1430 4931 1456 4971 Α.
1468 4919 1547 4970 Intret
1557 4918 1583 4967 in
1594 4924 1737 4982 conspectu.

1431 5009 1468 5048 rs.
1483 4997 1553 5046 Dens
1563 5001 1690 5047 uenerunt.

1431 5087 1457 5126 ι.
1473 5074 1589 5135 Uindice,
1602 5073 1710 5125 domine.

1431 5165 1458 5205 v.
1472 5154 1618 5204 Posuernnt.

1403 5231 1414 5262 ⁴
1430 5230 1487 5282 Gel.
1499 5247 1524 5298 p.
1537 5229 1594 5293 647.

1404 5307 1415 5338 ’
1431 5321 1458 5360 Α.
1469 5307 1607 5374 Sapienter.

1432 5399 1468 5438 es.
1481 5386 1636 5437 Exultabunt
1646 5385 1712 5437 insti.

1430 5478 1457 5517 a.
1471 5465 1632 5518 Exuubmt

1432 5555 1460 5594 v.
1471 5545 1579 5596 Cantate
1590 5542 1700 5596 domino.

1403 5623 1414 5654 ⁸
1430 5619 1486 5676 Gel.
1498 5637 1523 5688 p.
1535 5619 1592 5687 647.
1603 5621 1631 5674 Ζ.

1880 5007 1923 5048 or.
1935 4995 2096 5047 Exultabunt.

1879 5085 1922 5124 cn.
1934 5074 2080 5126 Pomerunt.

1757 5231 1768 5262 ⁸
1783 5229 1824 5281 1b.
1986 5228 1998 5260 ⁶
2013 5229 2053 5282 lb.

1757 5351 1760 5358 Δ
1878 5307 2193 5367 Αι.8αησᾶτιιί.ᾱοωίυο.

1878 5397 1921 5437 or.
1934 5385 2066 5437 Mirabilis.

1879 5475 1922 5514 co.
1933 5464 2065 5515 Iustorum
