5116 6608
588 565 839 642 murrinum.

668 767 761 833 Alia.

307 892 529 977 Omnipotens
552 893 633 958 deus
655 892 778 957 caelesti
794 913 854 956 uos
877 891 1081 974 protectione
1103 889 1163 956 cir-

264 995 406 1073 cumdet,
430 1002 465 1058 et
496 1013 555 1075 sue
583 992 825 1058 benedictionis
855 993 943 1056 dono
974 990 1163 1074 locupletet.

263 1091 385 1157 Amen.

307 1191 544 1276 Concedatque
568 1191 663 1256 uobis
685 1200 722 1256 ut
745 1192 801 1274 qui
827 1190 861 1254 in
884 1187 955 1254 sola
979 1209 1038 1273 spe
1060 1189 1165 1274 gratie

264 1291 394 1374 celestis
409 1291 594 1368 innitimini,
610 1291 724 1375 celesti
742 1293 843 1356 etiam
866 1291 1070 1373 protectione
1093 1311 1164 1354 mu-

262 1392 409 1456 niamini.
453 1391 575 1464 Amen.

306 1490 472 1574 Quatinus
495 1491 585 1556 etin
613 1491 757 1575 presenti
784 1487 896 1555 seculo
922 1488 1071 1554 mortalis
1097 1489 1165 1554 uite

263 1591 382 1655 solatia
410 1592 556 1674 capiatis,
580 1600 614 1655 et
637 1592 848 1672 sempitemae
870 1589 992 1672 gaudia
1016 1610 1165 1674 compre·

260 1689 406 1754 hendere
429 1689 575 1754 ualeatis
619 1690 743 1754 Amen.

304 1789 405 1873 Quod
421 1789 501 1873 ipse.

625 1888 709 1951 Item
725 1888 803 1952 alio.

305 2025 529 2109 Omnipotens
551 2027 632 2090 deus
656 2026 805 2091 dexterae
830 2044 890 2107 sue
916 2031 1077 2107 perpetuo
1103 2023 1163 2087 cir-

262 2126 397 2190 cumdet
412 2126 547 2203 auxilio,
558 2137 592 2192 et
607 2125 874 2192 benedictionum
890 2143 1021 2188 suarum
1035 2123 1162 2206 repleat

261 2228 361 2290 donn.
406 2225 529 2290 Amen.

304 2324 363 2389 Ab
384 2327 475 2388 omni
491 2345 551 2388 uos
572 2324 734 2408 prauitate
754 2321 921 2398 defendat,
937 2331 971 2388 et
986 2322 1082 2386 donis
1098 2342 1160 2386 cae-

261 2423 399 2489 lestibus
414 2424 596 2489 exuberare
612 2423 781 2488 concedat.
826 2421 950 2486 Amen.

306 2523 383 2607 Quo
406 2544 542 2606 corpore
565 2524 715 2588 mundati
738 2542 776 2587 ac
800 2533 912 2587 mente
928 2522 1030 2586 talem
1054 2523 1083 2586 ei
1102 2541 1161 2585 ex·

261 2621 402 2687 hibeatis
432 2623 634 2700 seruitutem,
663 2642 724 2704 per
749 2642 848 2704 quern
879 2643 973 2687 suam
1004 2623 1160 2704 consequi

261 2722 400 2787 ualeatis
422 2723 701 2806 propitiationem.
744 2721 868 2786 Amen.

304 2820 405 2905 Quod
421 2825 492 2905 ipse
507 2830 673 2906 praestare.

576 3001 660 3065 Alia
674 2999 856 3065 benedictio.

304 3139 458 3204 Purificet
474 3137 685 3221 omnipotens
707 3137 789 3201 deus
807 3146 990 3202 uestrorum
1011 3138 1160 3204 cordium

261 3237 412 3314 archana,
436 3247 470 3302 et
493 3237 732 3302 benedictionis
759 3256 817 3318 sue
843 3238 938 3302 uobis
961 3238 1084 3302 tribuat
1112 3241 1160 3304 in·

257 3347 432 3402 crementa.
475 3337 597 3401 Amen’.

299 3436 358 3501 Ab
375 3438 528 3501 omnibus
542 3437 611 3518 uite
628 3436 791 3519 presentis
811 3435 963 3519 periculis
983 3437 1160 3516 exuamini,

259 3545 292 3600 et
318 3538 478 3601 uirtutum
509 3536 705 3619 spiritalium
736 3535 937 3600 ornamentis
967 3538 1158 3602 induamini.

257 3634 380 3700 Amen.

302 3735 378 3819 Quo
404 3735 491 3798 illius
518 3733 684 3799 adiutorio
709 3731 792 3813 sulti,
820 3733 865 3798 sic
892 3735 921 3798 ei
952 3736 1101 3799 seruiatis
1125 3737 1158 3800 in

257 3837 361 3914 terris,
377 3844 415 3900 ut
431 3835 461 3898 ei
477 3835 630 3918 coniungi
646 3833 785 3898 ualeatis
801 3833 834 3897 in
851 3833 938 3898 celis.

300 3934 399 4018 Quod
417 3935 495 4019 ipse.

662 4033 754 4098 Alia.

301 4177 523 4262 Omnipotens
539 4177 621 4242 deus
636 4178 788 4241 uniuersa
803 4198 824 4241 a
839 4177 933 4240 uobis
948 4177 1157 4242 aduersantia

258 4277 423 4362 excludat,
451 4287 485 4342 et
514 4298 573 4360 sue
604 4298 663 4341 uos
692 4277 931 4341 benedictionis
965 4277 1053 4341 dona
1082 4297 1157 4360 pro·

257 4378 391 4459 pitiatus
414 4377 575 4440 infundat.
618 4374 741 4439 Amen.

301 4476 412 4542 Corda
438 4487 548 4540 uestra
574 4475 694 4540 efficiat
717 4474 817 4539 sacris
840 4474 968 4541 intenta
991 4476 1157 4550 doctrinis,

257 4595 322 4658 quo
337 4575 470 4659 possitis
485 4574 602 4658 repleri
615 4573 783 4638 beneficiis
798 4575 1013 4656 sempiternis.
1036 4573 1158 4639 Amen.

300 4673 467 4758 Quatiuus
502 4673 715 4756 exsequenda
746 4673 975 4755 intelligentes,
1007 4685 1041 4738 et
1074 4675 1159 4738 inter

257 4775 395 4838 aduersa
418 4773 532 4836 mundi
556 4773 732 4836 inueniami
756 4773 962 4855 indempnes,
987 4782 1021 4838 et
1043 4773 1156 4838 beato·

259 4893 329 4937 rum
344 4874 519 4956 spirituum
535 4872 722 4936 efficiamini
736 4871 923 4936 coheredes.
968 4871 1091 4936 Amen.

300 4972 401 5057 Quod
417 4975 488 5056 ipse
503 4981 658 5055 prestare.

614 5145 698 5211 Item
714 5147 792 5212 alia.

300 5284 522 5370 Omnipotens
552 5286 634 5350 deus
664 5285 735 5348 dies
765 5293 892 5350 uestros
921 5288 954 5351 in
985 5307 1045 5350 sua
1075 5306 1158 5370 pace

259 5385 419 5469 disponat,
444 5397 478 5450 et
501 5407 560 5470 sue
586 5384 680 5449 uobis
706 5386 944 5450 benedictionis
968 5387 1055 5452 dona
1080 5405 1157 5450 con·

260 5487 361 5550 cedat.
405 5485 529 5550 Amen.

298 5583 355 5649 Ab
382 5585 536 5650 omnibus
557 5605 618 5650 uos
643 5585 943 5669 perturbationibus
969 5586 1095 5665 liberet,
1124 5595 1158 5653 et

1546 561 1798 638 llmtttntmcs.
2054 579 2126 651 249

1224 771 1352 830 mentes
1374 772 1502 830 uestras
1527 763 1561 828 in
1587 785 1645 829 sua
1671 765 1762 849 pacis
1789 761 2027 848 tranquillitate
2049 783 2128 828 con-

1221 864 1353 929 solidet.
1395 863 1519 928 Amen.

1266 963 1432 1047 Quatinus
1448 963 1534 1040 fidei,
1547 963 1626 1046 spei,
1640 971 1674 1028 et
1690 963 1835 1028 caritatis
1849 962 1993 1046 gemmis
2008 961 2125 1037 omati‚

1223 1072 1257 1127 et
1272 1072 1459 1145 presentem
1476 1063 1580 1127 uitam
1595 1063 1786 1145 transigatis
1802 1062 1914 1137 inlaesi,
1932 1071 1966 1127 et
1980 1063 2023 1126 ad
2040 1071 2125 1160 eter—
2237 1087 2247 1114 e

1223 1181 1301 1226 nam
1316 1161 1516 1245 perueniatis
1535 1162 1649 1227 securi.
1696 1161 1821 1227 Amen.

1266 1261 1367 1346 Quod
1383 1263 1454 1344 ipse
1468 1271 1625 1344 prestare.

1269 1520 1434 1586 bmruirtio
1455 1539 1543 1604 snper
1563 1537 1656 1600 repon
1674 1521 1793 1584 bumba
1814 1525 1939 1602 tenpore
1960 1519 2081 1584 siurbis.

1267 1666 1448 1732 Benedicat
1487 1668 1548 1732 tibi
1585 1666 1748 1742 dominus,
1787 1665 2042 1750 custodiensque
2077 1675 2122 1742 te,

1223 1765 1306 1830 sicut
1327 1775 1362 1831 te
1381 1767 1486 1831 uoluit
1509 1787 1608 1850 super
1621 1765 1781 1850 populum
1804 1785 1899 1830 suum
1922 1767 2125 1830 constituere

1222 1885 1345 1947 regem,
1361 1867 1406 1930 ita
1421 1877 1455 1930 et
1471 1868 1503 1930 in
1518 1866 1661 1948 presenti
1676 1865 1789 1948 seculo
1803 1864 1941 1944 felicem,
1952 1873 1985 1928 et
2000 1861 2124 1931 aeterne

1221 1962 1388 2028 felicitatis
1400 1965 1524 2031 tribuat
1540 1986 1613 2029 esse
1628 1973 1824 2029 consortem.
1869 1963 1993 2028 Amen.

1265 2063 1399 2128 Clerum
1422 2084 1462 2129 ac
1485 2065 1645 2148 populum
1663 2085 1762 2146 quem
1782 2084 1842 2127 sua
1857 2063 1962 2127 uoluit
1982 2062 2127 2146 opitula·'

1219 2162 1310 2226 tione
1325 2173 1382 2227 tua
1398 2164 1567 2228 sanctione
1582 2163 1783 2246 congregari,
1801 2182 1860 2225 sua
1875 2162 2124 2244 dispensatione

1219 2271 1253 2325 et
1283 2270 1341 2326 tua
1374 2263 1660 2328 administratione
1693 2283 1753 2344 per
1786 2262 1940 2325 diuturna
1973 2270 2124 2345 tempora

1218 2360 1318 2426 saciat
1333 2362 1471 2427 feliciter
1485 2363 1669 2446 gubernari.
1707 2360 1831 2426 Amen.

1263 2459 1437 2543 Quatenus
1460 2462 1579 2526 diuinis
1603 2461 1736 2526 monitis
1758 2469 1922 2544 parentes,
1942 2460 2124 2525 aduersita-

1219 2559 1307 2624 tibus
1332 2562 1486 2625 omnibus
1511 2572 1670 2636 carentes,
1693 2561 1789 2626 bonis
1816 2560 1970 2625 omnibus
1996 2561 2123 2624 exube-

1219 2669 1338 2738 rantes,
1356 2670 1414 2724 tuo
1438 2661 1618 2726 ministerio
1641 2659 1730 2725 fideli
1752 2679 1865 2724 amore
1887 2659 2121 2741 obsequentes,

1220 2768 1253 2823 et
1268 2759 1302 2821 in
1318 2761 1463 2841 presenti
1478 2759 1589 2824 seculo
1604 2760 1695 2841 pacis
1710 2758 1949 2840 tranquillitate
1964 2757 2122 2837 fruantur,

1218 2867 1252 2922 et
1285 2867 1395 2921 tecum
1430 2869 1629 2923 aetemorum
1663 2858 1784 2923 ciuium
1820 2857 1986 2922 consortio
2022 2857 2121 2940 potiri

1219 2967 1415 3021 mereantur.
1460 2957 1583 3021 Amen.

1262 3055 1362 3140 Quod
1380 3057 1450 3141 ipse
1465 3067 1622 3140 prestare.

1522 3337 1714 3402 Omoemus
1734 3336 1819 3401 salla.

1262 3483 1427 3549 Exorcizo
1450 3493 1661 3579 te,0creatura
1683 3484 1770 3562 salis,
1790 3503 1850 3567 per
1871 3483 1971 3547 deum
1994 3483 2117 3559 uiuum,

1217 3605 1276 3666 per
1298 3585 1397 3648 deum
1421 3605 1545 3663 uerum,
1561 3605 1621 3668 per
1643 3585 1742 3648 deum
1765 3592 1926 3658 sanctum,
1943 3604 2003 3666 per
2017 3585 2118 3648 deum

1217 3685 1323 3765 quite
1345 3704 1405 3767 per
1426 3683 1586 3748 heliseum
1608 3684 1807 3766 prophetam
1830 3684 1864 3745 in
1886 3703 2008 3766 aquam
2031 3683 2119 3748 mitti

1217 3783 1319 3857 iussit,
1343 3792 1380 3847 ut
1405 3794 1575 3848 sanaretur
1597 3783 1753 3848 sterilitas
1780 3802 1886 3864 aque;
1910 3792 1947 3847 ut
1972 3782 2119 3847 efficiaris

1216 3882 1264 3945 sal
1291 3883 1516 3948 exorcizatum
1547 3885 1580 3948 in
1604 3883 1746 3949 salutem
1771 3883 1985 3958 credentium,
2010 3892 2044 3947 et
2073 3883 2119 3947 sis

1215 3982 1368 4045 omnibus
1383 3993 1417 4046 te
1430 3983 1637 4047 sumentibus
1653 3983 1778 4047 sanitas
1792 3983 1903 4062 anime
1915 3992 1949 4045 et
1964 3983 2119 4066 corporis,

1216 4089 1249 4144 et
1271 4080 1406 4164 effugiat
1424 4091 1526 4164 atque
1546 4083 1697 4147 discedat
1717 4080 1760 4144 ab
1779 4102 1820 4145 eo
1834 4079 1910 4144 loco
1925 4100 1992 4161 quo
2007 4102 2117 4164 asper-

1214 4201 1270 4244 sus
1284 4180 1383 4245 fueris
1398 4183 1506 4246 omnis
1524 4183 1665 4246 fantasia
1684 4190 1719 4246 et
1734 4182 1889 4262 nequitia,
1905 4179 1959 4244 uel
1975 4183 2118 4246 uersutia

1215 4280 1377 4363 diabolice
1406 4280 1538 4360 fraudis,
1570 4283 1744 4362 omnisque
1776 4280 1909 4362 spiritus
1939 4279 2117 4345 inmundus

1214 4381 1383 4444 adiuratus
1411 4401 1471 4464 per
1499 4401 1584 4459 eum,
1615 4382 1671 4463 qui
1702 4390 1860 4444 uenturus
1889 4388 1941 4444 est
1973 4378 2117 4444 iudicare

1214 4479 1307 4543 uiuos
1323 4488 1357 4544 et
1372 4488 1519 4544 mortuos
1535 4490 1568 4543 et
1583 4479 1738 4544 saeculum
1755 4499 1814 4562 per
1828 4480 1963 4562 ignem.t

1527 4740 1694 4805 erulrtin
1715 4742 1802 4807 ralis.

1255 4889 1446 4953 Inmensam
1469 4887 1681 4952 clementiam
1707 4895 1810 4962 tuam,
1834 4887 2046 4969 omnipotens
2068 4908 2112 4951 ae-

1209 4997 1302 5054 terne
1324 4990 1416 5064 deus,
1431 4989 1602 5053 humiliter
1616 4989 1838 5072 imploramus,
1855 4997 1892 5052 ut
1914 4987 1999 5052 hanc
2022 5007 2114 5053 crea·

1208 5099 1317 5152 turam
1341 5088 1430 5166 salis,
1446 5109 1549 5171 quam
1571 5089 1605 5152 in
1628 5108 1724 5151 usum
1746 5087 1876 5169 generis
1897 5085 2033 5150 humani
2056 5088 2113 5151 tri·

1209 5187 1318 5266 buisti,
1350 5187 1546 5252 benedicere
1583 5195 1617 5250 et
1653 5185 1857 5250 sanctificare
1893 5196 1951 5250 tua
1987 5186 2112 5268 pietate

1209 5287 1373 5370 digneris;
1396 5297 1433 5351 ut
1454 5288 1497 5350 sit
1514 5285 1668 5350 omnibus
1687 5285 1892 5349 sumentibus
1915 5286 2003 5350 salus
2019 5304 2112 5348 men·

1209 5388 1252 5451 tis
1275 5396 1310 5453 et
1332 5388 1496 5469 corporis;
1520 5395 1554 5450 et
1577 5385 1733 5468 quicquid
1754 5381 1827 5470 (ex)
1845 5405 1885 5450 eo
1907 5394 2034 5450 tactum
2057 5384 2110 5450 uel

1210 5507 1393 5570 respersum
1406 5486 1504 5550 suerit
1519 5494 1628 5551 careat
1640 5485 1731 5549 omni
1746 5485 1943 5549 inmunditia
1955 5485 2111 5567 omnique

1211 5588 1449 5672 inpugnatione
1463 5584 1619 5669 spiritalis
1634 5583 1800 5667 nequitiae.
1845 5583 1932 5649 Per!

1740 5687 1808 5752 xk
