5122 6610
381 591 468 680 ὦῶ.
486 587 669 682 nlenten,
688 597 759 681 tra,
777 593 906 668 latent.
923 589 974 678 ᾖ.
987 589 1115 665 unna.

677 789 818 857 Secreta.

344 893 491 971 Munera,
507 891 649 971 domine,
661 912 735 976 quae
750 912 811 975 pro
826 890 1051 975 apostolorum
1066 899 1198 955 tuorum

302 992 440 1078 philippi
466 1001 501 1058 et
527 991 634 1058 iacobi
655 991 903 1076 sollempnitate
925 991 1101 1056 deserimus
1124 1011 1199 1074 pro·

302 1095 401 1177 pitius
432 1093 571 1177 suscipe,
605 1102 641 1158 et
670 1091 759 1158 mala
788 1093 901 1158 omnia
930 1112 1005 1175 quae
1035 1111 1199 1155 meremur

302 1202 420 1260 auerte.
464 1193 550 1258 Pera

663 1278 834 1363 Proesatin

347 1405 390 1470 U.
406 1404 450 1468 D.
466 1424 526 1469 nos
541 1403 602 1468 tibi
618 1424 749 1486 semper
763 1413 797 1469 et
812 1403 934 1487 ubique
952 1402 1077 1487 gratias
1091 1422 1198 1487 agere.

304 1503 369 1589 Qui
392 1504 564 1570 ecclesiam
587 1513 679 1569 tuam
700 1505 733 1567 in
756 1504 939 1587 apostolica
961 1503 1131 1568 soliditate
1145 1503 1199 1568 fir·

304 1605 408 1683 masti,
419 1604 463 1668 de
477 1623 617 1686 quorum
632 1603 790 1687 collegio¹
806 1614 883 1668 sunt
898 1604 1016 1668 beatus
1031 1602 1199 1686 philippus

304 1713 336 1770 et
351 1704 491 1784 iacobus,
507 1723 647 1788 quorum
669 1703 831 1787 passionis
845 1704 947 1769 hodie
964 1703 1084 1769 festum
1100 1723 1200 1768 uene·

304 1824 418 1883 ramur,
432 1813 607 1887 poscentes
629 1813 667 1869 ut
684 1804 769 1869 sicut
791 1825 905 1869 eorum
926 1804 1085 1870 doctrinis
1106 1803 1199 1867 insti-

304 1907 431 1978 tuimur,
462 1904 510 1968 ita
546 1901 711 1986 exemplis
749 1905 944 1983 muniamur,
978 1913 1011 1968 et
1048 1903 1200 1987 precibus

308 2006 510 2070 adiuuemur.
555 2004 618 2068 Per
632 2001 792 2068 christum
801 2003 826 2068 ².

595 2190 658 2256 Ad
674 2191 903 2274 complendum.

345 2318 542 2402 Quesumus,
557 2317 702 2394 domine,
720 2316 918 2382 salutaribus
936 2316 1052 2402 repleti
1076 2325 1200 2402 myste-

304 2419 365 2498 riis,
391 2427 427 2484 ut
457 2437 597 2501 quorum
627 2416 823 2502 sollempnia
853 2417 1056 2483 celebramus
1086 2439 1199 2484 eorum

304 2516 501 2584 orationibus
517 2518 720 2582 adiuuemur.
766 2517 852 2582 Pera
1160 2600 1177 2636 r

332 2821 377 2890 m.
390 2840 458 2888 nan
471 2823 540 2890 nai.
571 2821 685 2888 liatatt
698 2828 867 2996 agannthn
881 2823 1034 2896 alimenti,
1050 2824 1164 2896 mantii,

664 2924 691 2984 rt
706 2925 719 2983 t
740 2923 806 2984 tntu
822 2920 838 2986 '.

347 3050 480 3133 Praesta,
504 3073 693 3137 quesumus,
720 3051 930 3137 omnipotens
955 3061 989 3118 et
1019 3053 1202 3120 misericors

306 3155 394 3230 deus,
410 3155 518 3236 utqui
541 3163 729 3218 sanctorum
752 3163 884 3219 tuorum
906 3151 1088 3235 alexandri,
1103 3175 1203 3220 euen-

306 3255 351 3332 tii,
367 3264 401 3320 et
418 3253 567 3319 theodoli
590 3252 740 3318 natalitia
762 3253 908 3330 colimus,
923 3275 944 3318 a
959 3255 1085 3320 cunctis
1108 3255 1203 3319 malis

307 3353 551 3418 imminentibus
571 3373 685 3417 eorum
707 3353 996 3419 intercessionibus
1015 3354 1202 3420 liberemur.

309 3455 392 3524 Pera

685 3538 825 3604 Secreta.

350 3667 457 3750 Super
481 3664 552 3742 has,
577 3684 765 3747 quesumus,
787 3664 932 3741 domine,
955 3663 1081 3730 hostias
1102 3667 1203 3731 bene-

308 3768 405 3832 dictio
420 3765 555 3849 copiosa
568 3764 758 3841 descendat,
771 3786 846 3849 quae
861 3775 896 3829 et
907 3765 1203 3832 sanctificationem

309 3867 400 3931 nobis
425 3866 606 3930 clementer
626 3873 789 3947 operetur,
810 3875 846 3929 et
868 3866 911 3929 de
938 3876 1121 3948 martyrum
1144 3888 1204 3932 nos

308 3967 526 4032 sollemnitate
542 3962 696 4029 laetificet.
743 3965 805 4029 Per
820 3965 991 4030 dominum
1009 3977 1182 4031 nostrum.t

600 4139 662 4205 Ad
679 4140 907 4224 complendum.

352 4266 479 4333 Retecti
491 4265 742 4350 participatione
758 4268 901 4331 muneris
913 4269 1003 4344 sacri,
1017 4288 1204 4351 quesumus,

310 4367 441 4432 domine
456 4367 538 4430 deus
560 4375 680 4445 noster,
695 4374 732 4430 ut
747 4386 887 4448 quorum
910 4369 1124 4451 exsequimur
1138 4369 1206 4434 cul·

310 4476 380 4531 tum
394 4466 576 4534 sentiamus
591 4465 757 4532 effectum.
803 4466 887 4532 Pers

455 4715 569 4782 &utrm
583 4717 638 4782 tir.
668 4716 808 4781 lnamtin
823 4723 929 4782 ranna
942 4719 1032 4784 cruris
1040 4723 1061 4783 ⁸.

355 4851 467 4926 Draus,
478 4865 545 4929 Qur
562 4855 1208 4921 ruera-emansrrur1rann⁴cmcis

311 4951 499 5016 inuentione
514 4953 675 5035 passionis
690 4963 757 5019 tuae
772 4955 928 5020 miracula
946 4957 1119 5032 suscitasti,
1133 4977 1209 5021 con-

344 5167 352 5196 ¹
369 5168 495 5220 consortio
506 5169 538 5220 Ο.

345 5247 355 5276 ⁸
371 5247 425 5296 Not
436 5247 462 5296 in
474 5247 507 5297 V.

370 5337 396 5374 Α.
407 5325 463 5376 Nos
474 5332 559 5375 autem
570 5325 683 5391 gloriari.

372 5415 409 5456 aa.
421 5404 490 5456 Deus
501 5405 653 5456 misereatur.

373 5495 416 5534 AL.
428 5482 513 5533 Sancti
525 5484 570 5536 tui.
818 5492 861 5532 aa.
873 5481 1029 5534 Confidimus
1041 5485 1066 5535 in
1077 5485 1158 5536 nobis.

372 5573 415 5612 nt.
428 5561 513 5613 Dicite
523 5561 549 5612 in
560 5563 683 5628 gentibus.
818 5571 863 5610 EV-
876 5560 938 5610 Erat
949 5562 1034 5613 homo.

344 5654 353 5683 ⁴
370 5653 447 5714 Deus,
459 5653 501 5720 qui
512 5653 632 5719 anigeniti
644 5651 753 5719 pretioso
764 5653 889 5718 sanguine,
900 5659 946 5706 etc.
962 5653 1025 5704 Bod.

735 5169 746 5198 ²
760 5170 793 5220 Ο.
804 5186 830 5235 p.
843 5172 899 5234 ³¹8·
911 5173 938 5223 Z.

818 5339 861 5379 or.
874 5329 992 5381 Dextera.

819 5413 861 5452 cO.
874 5403 929 5454 Nos
939 5411 1032 5456 autem.

1532 587 1660 661 latent.
1678 584 1726 671 ᾗ.
1745 584 1872 661 emes.
2079 607 2144 672 141

1251 905 1499 970 consequamur.
1544 886 1607 950 Per
1621 883 1692 972 (qui
1708 883 1835 971 uiuis)¹.

1631 1048 1771 1116 Secreta.

1295 1186 1512 1267 Sacrificium,
1542 1186 1686 1264 domine,
1716 1189 1807 1271 quod
1842 1187 2051 1255 immolamus
2080 1190 2150 1275 pla-

1176 1295 1178 1298 ’
1250 1299 1343 1353 catus
1366 1289 1509 1363 intende,
1530 1297 1568 1353 ut
1589 1287 1632 1352 ab
1659 1289 1751 1352 omni
1775 1309 1836 1353 nos
1860 1297 1964 1354 exuat
1988 1289 2151 1356 bellorum

1251 1388 1407 1471 nequitia,
1429 1396 1463 1451 et
1485 1406 1544 1471 per
1558 1386 1719 1451 uexillum
1743 1397 1867 1453 sanctae
1888 1389 1991 1454 crucis
2014 1389 2071 1454 filii
2094 1393 2153 1470 tui,

1250 1488 1294 1553 ad
1310 1485 1525 1552 conterendas
1540 1488 1716 1570 potestatis
1731 1487 1992 1553 aduersariorum
2003 1490 2149 1566 insidias,

1251 1607 1312 1652 nos
1349 1587 1383 1651 in
1420 1595 1478 1668 tue
1510 1586 1725 1669 protectionis
1753 1590 1929 1653 securitate
1962 1590 2151 1656 constituat.

1252 1685 1344 1751 Peri.

1616 1772 1791 1855 Prcefatio.

1296 1907 1340 1975 U·
1359 1909 1403 1973 D.
1425 1928 1484 1992 per
1506 1906 1665 1973 christum
1687 1909 1859 1975 dominum
1880 1922 2039 1978 nostrum.
2085 1911 2152 1997 Qui

1252 2029 1312 2093 per
1356 2010 1544 2093 passionem
1584 2009 1687 2074 crucis
1728 2011 1889 2076 mundum
1931 2013 2080 2091 redemit,
2118 2024 2154 2080 et

1252 2110 1397 2192 antiquae
1431 2108 1557 2173 arboris
1593 2109 1837 2175 amarissimum
1876 2120 2011 2194 gustum
2049 2111 2153 2177 crucis

1253 2209 1472 2275 medicamine
1507 2208 1698 2290 indulcauit,
1735 2209 1946 2294 Mortemque
1983 2232 2059 2294 quae
2095 2232 2155 2295 per

1251 2310 1379 2394 lignum
1400 2309 1541 2374 uetitum
1564 2318 1699 2374 uenerat
1721 2330 1781 2394 per
1794 2310 1873 2396 ligni
1896 2310 2073 2398 tropheum
2096 2314 2153 2377 de·

1252 2410 1340 2490 uicit,
1359 2409 1410 2474 Ut
1429 2408 1571 2473 mirabili
1594 2431 1662 2474 suae
1677 2410 1811 2494 pietatis
1826 2413 2081 2495 dispensatione,
2097 2411 2153 2494 qui

1252 2529 1312 2593 per
1333 2508 1413 2592 ligni
1436 2516 1569 2592 gustum
1590 2529 1612 2572 a
1631 2509 1782 2594 florigera
1801 2511 1880 2576 sede
1902 2512 2155 2576 discesseramus

1252 2629 1312 2694 per
1327 2607 1431 2673 crucis
1446 2608 1574 2692 lignum
1591 2609 1635 2673 ad
1658 2609 1802 2692 paradisi
1824 2610 1947 2694 gaudia
1970 2611 2154 2678 redeamus.

1254 2709 1316 2774 Per
1330 2706 1464 2790 quem³.

1606 2794 1798 2864 Benedictio.

1297 2932 1478 2998 Benedicat
1493 2931 1588 2996 uobis
1603 2934 1813 3018 omnipotens
1829 2936 1920 3013 deus,
1936 2936 1993 3019 qui
2008 2956 2069 3020 per
2082 2937 2155 3000 uni-

1253 3033 1357 3119 geniti
1372 3033 1422 3098 sui
1445 3032 1571 3097 domini
1590 3034 1692 3097 nostri
1715 3032 1807 3098 ihesu
1831 3034 1943 3100 christi
1967 3036 2155 3119 passionem

1254 3142 1288 3199 et
1317 3133 1421 3198 crucis
1451 3131 1637 3216 patibulum
1666 3153 1771 3217 genus
1798 3135 1938 3200 redemit
1963 3135 2155 3200 humanum.

1253 3232 1377 3297 Amen.

1299 3331 1536 3414 Concedatque
1566 3332 1662 3396 uobis
1684 3342 1721 3398 ut
1748 3351 1822 3396 cum
1848 3332 2002 3398 omnibus
2025 3335 2155 3414 sanctis,

1255 3452 1330 3514 quae
1352 3433 1395 3497 sit
1417 3432 1565 3497 eiusdem
1589 3432 1701 3508 crucis,
1718 3431 1892 3516 longitudo
1910 3432 2061 3510 latitudo,
2078 3436 2157 3500 sub·

1254 3531 1379 3596 limitas
1410 3542 1444 3598 et
1474 3524 1685 3615 profundum,
1711 3542 1823 3604 mente
1854 3533 1977 3598 deuota
2007 3554 2155 3618 compre·

1254 3630 1400 3696 hendere
1415 3632 1558 3714 possitis·
1603 3631 1727 3698 Amen.

1300 3729 1467 3815 Quatinus
1486 3730 1707 3813 nosmetipsos
1730 3729 1938 3816 abnegando,
1961 3752 2157 3815 crucemque

1255 3831 1429 3914 gestando,
1443 3831 1491 3895 ita
1511 3831 1544 3894 in
1562 3832 1724 3914 presentis
1740 3831 1819 3895 uitae
1839 3833 1949 3898 studio
1969 3833 2159 3916 redempto-

1257 3951 1327 3995 rem
1352 3940 1501 3994 nostrum
1532 3931 1663 4013 possitis
1690 3932 1792 4013 sequi,
1816 3940 1853 3996 ut
1876 3932 1906 3996 ei
1932 3933 2018 3996 inter
2041 3930 2159 4030 choros

1290 4085 1299 4115 ¹
1316 4087 1347 4135 E.
1358 4099 1384 4150 p.
1398 4099 1453 4134 ror.

1289 4162 1300 4195 ¹
1316 4164 1354 4214 Ib.
1368 4163 1433 4213 Haec
1444 4162 1548 4222 oblatio,
1560 4163 1623 4224 dne,
1636 4169 1726 4228 purget
1736 4164 1769 4213 ab
1781 4165 1903 4225 omnibus,
1916 4172 1972 4224 ete,
1984 4164 2047 4215 Bod.

1290 4244 1301 4274 ⁸
1317 4243 1349 4294 0.
1360 4260 1385 4309 p.
1399 4242 1462 4305 51⁸3
1480 4242 1530 4306 Qui
1541 4242 1647 4292 salutem
1659 4242 1761 4292 humani
1772 4243 1877 4308 generis,
1890 4251 1945 4300 ete,
1957 4244 2020 4294 Bod.
2070 4241 2073 4248 '

1291 4323 1393 4387 Presace
1402 4321 1427 4370 in
1439 4322 1467 4370 Z.
1500 4319 1652 4386 Prae[ci]pue
1662 4319 1688 4372 in
1702 4320 1743 4371 die
1755 4321 1810 4381 ista,
1822 4321 1848 4370 in
1860 4336 1910 4387 qua
1925 4321 1970 4371 filii
1985 4321 2022 4372 tui
2036 4319 2159 4386 unigeniti

1259 4417 1275 4450 a
1297 4399 1385 4450 iudaeis
1407 4399 1520 4448 abditum
1547 4397 1686 4463 gloriosum
1708 4399 1836 4449 inuentam
1858 4404 1895 4449 est
1917 4399 2058 4463 tropheum.
2108 4398 2158 4462 Qui

1259 4477 1410 4546 protoplasti
1430 4477 1525 4528 lacinus
1543 4493 1588 4543 per
1607 4477 1670 4541 ligni
1687 4479 1760 4528 uetiti
1779 4485 1880 4542 gustum
1899 4477 2009 4528 humano
2026 4478 2052 4526 in
2069 4492 2159 4542 genere

1260 4557 1393 4606 dirinatum
1415 4554 1515 4616 delenit,
1539 4569 1569 4604 ac
1591 4571 1636 4619 per
1658 4556 1725 4605 idem
1748 4555 1843 4620 lignum
1863 4556 1942 4606 crucis
1964 4555 2038 4606 simut
2061 4569 2160 4620 quoqne

1259 4642 1344 4686 nostra
1356 4649 1439 4684 secum
1450 4632 1556 4685 christus
1567 4633 1655 4683 adfixit
1665 4633 1764 4686 delicta.
1800 4633 1877 4685 Cuius
1888 4639 1974 4700 typum
1989 4634 2061 4698 uirga
2072 4631 2159 4688 tenuit,

1260 4729 1316 4780 quae
1332 4720 1358 4763 et
1374 4719 1517 4778 separantes
1536 4713 1643 4778 aequoris
1659 4712 1745 4772 undas,
1762 4719 1789 4762 et
1805 4713 1872 4762 uiam
1889 4711 1985 4778 populo
2001 4710 2081 4776 moysi
2097 4724 2159 4775 pm·

1260 4792 1358 4858 parauit
1370 4807 1488 4841 securam.
1512 4790 1560 4840 Per
1572 4790 1641 4841 cuins
1652 4806 1751 4856 qnoque
1761 4791 1874 4840 umbram
1883 4805 1972 4855 aspera
1982 4805 2049 4839 mors
2059 4789 2160 4855 populis

1259 4870 1329 4935 ligno
1340 4869 1447 4920 deducta
1462 4868 1577 4919 cucurrit.
1608 4869 1638 4918 ln
1649 4884 1699 4934 quo
1710 4869 1820 4933 pendens
1833 4869 1974 4932 redemptor
1989 4867 2070 4917 sactus
2084 4865 2159 4916 male-

1261 4949 1357 4999 dictum
1368 4957 1395 4996 nt
1408 4949 1447 5009 (a)
1460 4945 1595 4996 maledicto
1608 4963 1654 4996 nos
1664 4947 1768 5011 eriperet
1780 4944 1849 5012 leg‘is.
1874 4946 1951 4997 Cuius
1966 4945 2027 5011 ligni
2038 4945 2160 5010 mysteriis

1261 5026 1353 5077 saluari
1366 5025 1488 5076 credimus
1500 5040 1593 5084 omnes,
1606 5031 1633 5074 ut
1644 5040 1700 5076 cum
1712 5026 1829 5074 omnibns
1839 5026 1929 5075 sanctis
1945 5021 2160 5088 comprehendere

1261 5105 1397 5162 ualeamus,
1409 5120 1464 5169 quae
1481 5103 1514 5153 sit
1531 5102 1645 5163 latitudo,
1658 5103 1798 5168 longitudo.
1813 5110 1839 5154 et
1855 5103 2002 5160 sublimitas,
2017 5109 2042 5152 et
2059 5101 2160 5166 profun-

1261 5182 1329 5232 dum.
1358 5182 1387 5231 In
1398 5182 1488 5247 quibus
1496 5181 1633 5246 gloriamur
1644 5181 1745 5232 iustitiae
1760 5181 1843 5240 armis,
1855 5197 1985 5247 perquam
1999 5179 2071 5232 nobis
2083 5180 2161 5230 cruci-

1261 5260 1324 5310 fixus
1336 5267 1373 5310 est
1384 5261 1496 5315 mundus
1508 5266 1533 5309 et
1545 5275 1591 5308 nos
1602 5259 1768 5324 emeingimur
1784 5261 1885 5310 mundo.
1913 5261 1972 5324 Quo
1983 5259 2055 5324 signo
2066 5258 2161 5308 inimici

1261 5339 1378 5405 pellimus
1390 5338 1448 5396 tela,
1459 5345 1595 5402 cunctaque
1606 5336 1688 5388 iacula
1699 5337 1844 5389 calliditatis
1859 5337 1990 5388 salubriter
2005 5337 2160 5387 extradentes

1261 5413 1370 5479 expediti
1381 5413 1542 5478 compedibus
1553 5411 1602 5463 hoc
1613 5412 1693 5462 fronte
1703 5419 1787 5462 nostra
1801 5412 1902 5463 ierimus
1915 5412 2021 5476 signum.
2049 5411 2078 5460 In
2090 5412 2161 5462 cuins

1262 5495 1341 5546 tutela
1356 5493 1442 5544 confisi
1454 5493 1544 5544 collem
1559 5492 1718 5558 aggredimur
1731 5499 1845 5552 tenoem3
1861 5507 1991 5558 perquem
2006 5491 2038 5542 de
2053 5498 2162 5542 torrente

1262 5575 1288 5624 in
1303 5574 1345 5624 aia
1360 5573 1425 5623 bibit
1437 5573 1562 5629 saluator;
1579 5578 1681 5637 propter
1696 5570 1765 5637 quod
1781 5572 1888 5622 multum
1903 5587 1918 5620 a
1934 5571 2004 5621 terris
2019 5571 2044 5620 in
2060 5569 2162 5621 dextera

1264 5661 1307 5703 tna
1318 5660 1431 5703 nostrum
1442 5651 1519 5703 subiit
1530 5658 1612 5718 caput.
1648 5651 1681 5701 Et
1691 5651 1749 5701 ideo
1760 5665 1816 5701 cnm
1827 5649 1929 5716 angelis.
