5122 6610
422 607 493 678 206
670 599 1087 686 sicutnumerus.
1546 597 1631 684 ἑξ.
1658 597 1825 688 btonusli,
1853 597 1996 686 nutat,
2022 610 2076 673 ttt.

419 797 572 861 saluatoris
593 797 677 859 ihesu
697 797 797 860 christi
817 798 1038 858 coruscantibus
1059 796 1158 856 diuiue
1173 795 1322 874 religionis
1374 797 1457 875 uirga
1467 797 1558 858 tenuit
1572 798 1603 857 in
1618 798 1759 878 separatis
1772 817 1914 877 aquarum
1927 798 2025 870 undis,
2035 808 2065 859 et
2073 799 2151 859 uiam
2165 801 2278 881 populo

419 896 504 973 plebs
526 889 627 972 aepulis
648 893 781 954 doctrine
800 893 887 952 uariis
909 892 1030 971 depasta
1047 892 1085 952 ad
1107 891 1203 951 sinum
1223 891 1323 950 matris
1374 895 1469 971 moysi
1490 892 1590 973 (duce)
1612 894 1776 972 preparauit
1796 913 1939 956 securam.
1981 895 2038 956 Per
2057 896 2139 956 cuius
2159 915 2279 977 quoque
2333 881 2338 892 ⁵

418 989 538 1050 confluit
560 988 700 1063 aecclesie.
741 986 824 1048 Licet
845 988 925 1048 euim
942 987 989 1048 alii
1010 986 1160 1065 suppliciis
1179 987 1321 1057 coronati,
1374 991 1509 1048 umbram
1529 1007 1632 1067 aspera
1653 1007 1733 1049 mors
1752 990 1870 1067 populis
1891 989 1963 1067 ligni
1988 989 2114 1052 deducta
2136 993 2278 1065 cucurrit;

419 1083 467 1144 alii
484 1084 582 1144 studio
603 1085 652 1162 pie
673 1082 904 1143 conuersationis
926 1084 1080 1155 munerati,
1095 1081 1182 1156 ceteri
1203 1098 1322 1159 quoque
1374 1085 1479 1162 inquo
1500 1086 1633 1162 pendeus
1654 1085 1823 1162 redemptor
1837 1095 1939 1146 noster
1953 1083 2085 1167 (sanctus
2104 1103 2160 1163 pro
2179 1087 2277 1168 uobis)

416 1179 613 1258 adquisitione
635 1177 813 1240 talentorum
833 1195 852 1237 a
872 1187 956 1255 patre
977 1177 1100 1236 familias
1122 1175 1203 1236 ditati
1224 1186 1323 1234 tamen
1374 1191 1406 1239 ut
1420 1180 1606 1239 maledictum
1621 1177 1665 1260 (ut
1680 1198 1735 1240 nos
1752 1198 1770 1240 a
1789 1179 1959 1261 maledicto)
1973 1183 2097 1260 eriperet
2111 1181 2210 1263 (legis)
2225 1202 2279 1262 per

417 1274 539 1350 parilem
553 1282 688 1350 gerentes
706 1271 839 1332 militiam
857 1273 944 1332 unico
968 1272 1029 1332 filio
1047 1281 1099 1332 tuo
1118 1271 1240 1332 domino
1255 1289 1323 1331 cum
1374 1274 1487 1352 lignum
1508 1276 1610 1336 crucis.
1653 1275 1746 1336 Cuius
1763 1275 1834 1353 ligni
1856 1277 2001 1354 mysteriis
2015 1277 2119 1338 saluari
2134 1278 2278 1340 credimus

417 1367 509 1446 glorie
520 1368 669 1446 triumpho
683 1367 836 1429 adsistunt.
866 1367 1002 1441 Quorum
1017 1386 1141 1430 numero
1152 1367 1230 1428 beati
1240 1366 1323 1426 cuth·
1375 1388 1488 1442 omnes,
1502 1381 1534 1431 ut
1548 1390 1616 1432 cum
1630 1372 1769 1431 omnibus
1789 1371 1898 1431 sanctis
1915 1371 2165 1451 comprehendere
2179 1373 2278 1434 ualea-

417 1463 511 1523 berbti
525 1463 648 1541 presulis
663 1463 805 1523 decorem
822 1463 970 1525 sancitatis
986 1462 1059 1524 festa
1078 1462 1248 1534 recolentes,
1262 1461 1322 1533 tibi,
1374 1483 1449 1538 mus,
1465 1483 1522 1543 que
1543 1466 1579 1526 sit
1600 1465 1731 1539 latitudo,
1746 1465 1909 1544 longitudo,
1925 1467 2088 1528 sublimitas
2108 1477 2139 1528 et
2157 1469 2278 1546 profun-

419 1559 547 1630 domine,
561 1557 662 1618 fauore
676 1558 817 1618 uirtutum
833 1559 992 1635 magnifico
1007 1559 1209 1619 iocundemur.
1242 1555 1322 1626 Eius,
1374 1559 1454 1619 dum.
1496 1559 1532 1620 In
1553 1561 1659 1639 quibus
1680 1561 1848 1637 gradiamur
1870 1561 1984 1620 iustitiae
2005 1561 2102 1634 armis,
2116 1581 2169 1640 per
2189 1581 2278 1640 quem

417 1654 523 1732 itaque,
542 1651 655 1714 facibus
676 1653 797 1730 gemine
819 1653 945 1713 caritatis
966 1663 1097 1713 mentem
1119 1654 1161 1713 sic
1186 1652 1323 1729 dignatus
1375 1657 1461 1716 nobis
1482 1657 1637 1718 crucifixus
1665 1666 1710 1717 est
1737 1657 1874 1730 mundus,
1899 1667 1929 1718 et
1956 1675 2012 1717 nos
2040 1655 2278 1738 crucifiga(i)mur

417 1771 450 1813 es
464 1752 654 1824 inflammare,
668 1761 698 1810 et
712 1751 881 1812 facundiam
902 1753 1045 1812 sermonis
1062 1761 1178 1813 nectare
1195 1767 1323 1828 superno
1374 1755 1496 1815 mundo.
1539 1754 1609 1830 Quo
1633 1753 1719 1833 signo
1743 1755 1853 1815 inimici
1873 1754 2008 1834 pellimus
2029 1753 2095 1828 tela,
2116 1765 2278 1834 cunctaque

419 1844 538 1919 mellire,
552 1855 585 1906 ut
606 1846 786 1906 diuersarum
808 1846 949 1906 terminos
970 1847 1113 1924 gentium,
1131 1844 1273 1923 exemplis
1294 1853 1324 1904 et
1374 1849 1468 1909 iacula
1489 1848 1650 1909 calliditatis
1672 1849 1823 1910 salubriter
1843 1850 2028 1920 trucidantes,
2047 1849 2174 1925 expediti
2194 1867 2278 1909 com-

418 1941 604 2001 documentis
631 1941 732 2000 intui
760 1939 916 2001 famulatus
944 1942 1119 2019 obsequium
1147 1947 1322 2019 prepararet,
1374 1944 1507 2022 pedibus,
1529 1943 1586 2004 boc
1607 1942 1704 2003 fronte
1724 1953 1826 2004 nostra
1846 1943 1965 2004 ierimus
1987 1941 2140 2024 (signum).
2182 1943 2279 2004 Huius

419 2037 529 2117 ubique
550 2037 668 2116 copiam
689 2037 824 2114 adquisiti
839 2036 938 2096 talenti
959 2035 1053 2098 fidelis
1075 2055 1176 2099 seruus
1197 2036 1322 2097 afferret
1375 2037 1464 2098 tutela
1477 2038 1582 2098 confisi
1596 2038 1700 2107 callem
1718 2037 1905 2116 adgredimur
1917 2047 2057 2112 tenuem;
2080 2056 2133 2116 per
2146 2038 2227 2115 quod
2240 2037 2278 2098 de

418 2134 455 2194 In
479 2134 602 2213 pueritia
622 2134 744 2212 quidem
769 2133 911 2211 spirituali
935 2134 1075 2195 uaticinio
1098 2133 1137 2194 ad
1160 2132 1323 2212 presulatus
1375 2141 1501 2192 torrente
1522 2132 1553 2192 in
1574 2133 1622 2192 uia
1642 2133 1714 2192 bibit
1735 2132 1879 2207 saluator;
1907 2142 2028 2211 propter
2051 2132 2132 2208 quod
2155 2131 2279 2192 multum

418 2229 547 2290 officium
567 2229 672 2289 meruit
691 2228 805 2288 inuitari
815 2227 833 2301 ¹,
856 2228 906 2306 qui
926 2229 1118 2305 postmodum
1142 2227 1323 2288 multimodis
1375 2224 1560 2306 (exaltatum)
1583 2245 1601 2286 a
1622 2227 1703 2286 terris
1728 2226 1758 2285 in
1779 2226 1899 2286 dextera
1923 2236 1974 2288 tua
1998 2238 2132 2288 nostrum
2156 2225 2281 2287 saluabit

373 2329 377 2342 '
419 2324 626 2385 miraculorum
653 2323 767 2384 indiciis
795 2324 861 2384 sinu
888 2323 1018 2405 ocea(ui)
1042 2324 1146 2403 anglos
1174 2323 1243 2383 fidei
1269 2322 1324 2383 do·
1376 2318 1490 2400 (subiit)
1505 2331 1601 2400 caput.
1642 2321 1681 2380 Et
1695 2320 1771 2381 ideo.

418 2419 527 2494 minice
541 2418 620 2479 cultu
633 2418 783 2479 roborauit
793 2419 812 2477 ¹.

461 2513 501 2574 Et
514 2513 582 2574 id00
597 2531 665 2574 cum
682 2507 833 2596 an[gelis].
1403 2549 1529 2638 [Natali
1550 2561 1717 2621 sumturum
1736 2554 1864 2628 struat,
1885 2555 1997 2627 matiti,
2019 2559 2047 2620 tt
2067 2555 2211 2633 clmtbtrii
2220 2553 2255 2640 ¹1.

734 2707 738 2716 '
756 2689 985 2750 smmum·
1418 2713 1526 2786 Prema,
1536 2733 1705 2794 quesumus,
1722 2715 1911 2793 omnipotens
1925 2713 2006 2786 deus,
2018 2725 2050 2775 ut
2064 2714 2138 2775 sicut
2151 2715 2281 2777 deuotis·

443 2807 554 2880 'Deua
569 2805 619 2886 qui
640 2827 696 2869 nos
718 2819 887 2870 sanctorum
908 2821 1026 2870 tuorum
1047 2807 1201 2885 temporali
1223 2807 1325 2868 tribuis
1376 2812 1449 2871 sime
1463 2811 1635 2870 christianus
1656 2809 1784 2887 populus
1798 2819 1865 2870 tuus
1886 2808 1924 2869 ad
1945 2819 2114 2870 sanctorum
2129 2813 2279 2870 martirum

419 2903 702 2963 commemoratione
716 2906 862 2981 gaudere;
883 2915 990 2982 presta,
1005 2920 1173 2981 quesumus,
1185 2913 1225 2974 ut,
1236 2905 1323 2962 beato
1376 2915 1501 2977 tuorum,
1511 2904 1636 2976 dionisii,
1647 2905 1754 2977 rustici,
1763 2914 1791 2963 et
1802 2903 1950 2963 eleutherii
1961 2904 2151 2981 temporalem
2162 2905 2280 2965 sollem-

422 2997 596 3059 cutbberbto
631 2999 850 3072 interueniente,
886 3000 916 3060 iu
951 3018 987 3060 ea
1024 3014 1212 3059 numeremur
1247 3006 1324 3057 sorte
1376 3001 1495 3060 nitatem
1517 2999 1672 3070 concurrit,
1687 2997 1726 3058 ita
1750 3007 1929 3075 perstruatur
1944 3009 2051 3071 eterna,
2066 3007 2094 3057 et
2108 2999 2189 3076 quod
2202 2999 2281 3060 uotis

420 3092 529 3165 salutis,
553 3094 584 3153 in
608 3111 667 3172 qua
694 3095 733 3154 illi
761 3103 867 3155 cuncta
895 3103 961 3154 sunt
988 3094 1081 3172 gratia
1108 3104 1158 3152 tua
1186 3091 1323 3170 gloriosa.
1375 3094 1573 3156 amantissime
1592 3094 1727 3166 celebrat,
1742 3094 1793 3171 pio
1814 3093 2046 3172 comprehendat
2066 3092 2182 3154 affectu.
2225 3093 2280 3153 Per

420 3187 503 3249 Per’.
1375 3188 1536 3250 dominum.

834 3269 913 3330 Alb.
1777 3265 1887 3352 [Aleia]

463 3391 625 3467 Conserua,
639 3393 769 3468 domine,
786 3393 929 3474 populum
951 3404 1034 3454 tuum
1054 3395 1110 3456 sub
1130 3393 1235 3453 umbra
1255 3410 1324 3470 pro·
1416 3390 1525 3451 Annua
1552 3391 1701 3451 martirum
1726 3400 1850 3462 tuorum,
1872 3389 2001 3462 domiue,
2023 3388 2147 3464 dionin'i,
2171 3391 2279 3460 rustici,

420 3488 554 3549 tectionis
568 3499 626 3563 tue,
635 3506 688 3566 per
701 3489 919 3549 inuocationem
930 3489 1058 3548 nominis
1072 3488 1165 3564 sancti,
1174 3496 1204 3546 et
1216 3485 1324 3546 summi
1375 3496 1405 3546 et
1428 3485 1576 3546 eleutherii
1599 3485 1673 3545 festa
1696 3484 1862 3557 recolimus,
1882 3483 2066 3544 maiestatem
2086 3495 2168 3544 tuam
2191 3484 2280 3564 supli-

420 3582 568 3660 pontificis
588 3584 629 3642 tui
648 3581 828 3657 cuthberhti;
850 3593 884 3643 ut
896 3583 971 3644 illius
985 3584 1158 3644 adiuuemus
1172 3580 1323 3659 exemplis,
1376 3581 1446 3641 citer
1473 3580 1672 3658 deprecantes,
1696 3589 1729 3639 ut
1756 3597 1824 3640 cum
1852 3578 2062 3657 temporalibus
2091 3579 2280 3639 incrementis

419 3688 451 3736 et
465 3694 521 3737 uos
534 3694 600 3737 esse
614 3676 770 3756 participes
784 3678 866 3756 regui
880 3695 1044 3738 mereamur
1057 3677 1180 3753 celestis.
1218 3675 1282 3735 Per.
1376 3684 1474 3734 eterne
1498 3673 1697 3754 prosperitatis
1720 3675 1871 3752 capiamus
1899 3684 2100 3750 augmentum.
2143 3672 2200 3733 Per
2226 3675 2280 3734 do·

1375 3787 1498 3829 minum.

831 3845 910 3906 Item.
1743 3845 1892 3933 {Secreta}

464 3959 554 4031 Deus,
569 3962 619 4040 qui
638 3974 805 4025 sanctorum
822 3974 939 4026 tuorum
958 3964 1083 4024 libenter
1102 3961 1226 4040 suscipis
1243 3971 1323 4035 uota,
1416 3970 1524 4032 Oblata
1543 3969 1604 4044 tibi,
1619 3970 1746 4045 domiue,
1761 3989 1882 4036 munera
1902 3969 2004 4048 populi
2026 3969 2067 4028 tui
2087 3986 2142 4047 pro
2163 3979 2280 4030 tuorum

423 4055 620 4118 intercedente
640 4057 727 4119 b0²t0
749 4058 931 4130 cuthberhw,
946 4057 1085 4118 familiam
1103 4067 1184 4119 tuam
1205 4057 1323 4117 misera·
1374 4064 1488 4125 honore
1509 4075 1677 4126 sanctorum
1698 4066 1856 4138 martirum,
1879 4065 2006 4135 dionisii,
2026 4064 2133 4136 rustici,
2153 4073 2183 4122 et
2202 4062 2280 4123 eleu-

422 4149 510 4209 tionis
524 4159 573 4225 tue
587 4151 706 4213 dextera
719 4169 836 4231 semper
847 4163 876 4213 et
888 4155 997 4232 ubique
1010 4161 1155 4232 protegat.
1197 4151 1261 4211 Per.
1375 4159 1459 4219 thurii
1487 4160 1603 4239 suscipe
1630 4161 1782 4239 propitius,
1810 4177 1976 4239 quesumus,
2005 4169 2035 4218 et
2062 4176 2166 4219 eorum
2193 4159 2280 4220 uubis

1375 4255 1583 4316 intercessione
1597 4256 1753 4317 sanctifica.
1796 4253 1853 4315 Per
1865 4254 2029 4315 dominum.

626 4365 682 4454 [lta
702 4371 865 4436 innantium
884 4375 991 4437 sumta
1010 4365 1126 4453 natis}
1745 4422 1911 4510 [pnsauaq

797 4530 957 4609 Ps‘fil‘b‘·
1417 4547 1455 4608 U.
1477 4549 1514 4608 D.
1537 4558 1645 4610 aeterne
1667 4549 1748 4610 deus.
1790 4547 1832 4608 Et
1855 4549 2025 4607 innumeras
2047 4546 2148 4607 laudes
2173 4545 2279 4606 diuinis

463 4646 501 4708 U.
541 4647 580 4708 D.
610 4667 664 4728 per
698 4648 837 4710 christum
867 4651 1022 4712 dominum
1057 4659 1198 4710 nostrum.
1254 4647 1325 4708 Pre·
1377 4643 1446 4703 dare
1474 4643 1636 4716 uirtutibus,
1664 4653 1693 4703 et
1720 4642 1856 4720 gloriosis
1881 4641 2030 4720 preconiis
2057 4641 2185 4718 insignia
2213 4657 2282 4718 pre·

424 4742 509 4821 cipue
537 4743 568 4802 in
595 4743 643 4803 dic
667 4744 723 4804 ista
747 4745 860 4823 inqua
883 4745 933 4805 filii
958 4746 999 4804 tui
1022 4745 1205 4822 unigenitia
1232 4743 1325 4804 iudeis
1376 4736 1449 4796 serre
1465 4738 1614 4811 miracula,
1633 4737 1693 4811 Qui
1712 4738 1743 4796 in
1764 4737 1921 4797 diuinitatis
1940 4736 2088 4815 presentia
2107 4733 2281 4812 gloriosissi·

422 4837 536 4914 lignum
553 4839 647 4899 crucis
671 4835 906 4918 albyscondttum
926 4840 1089 4919 gloriosum
1109 4839 1260 4898 inuentum
1281 4848 1325 4898 est
1376 4849 1492 4892 morum
1516 4832 1673 4904 martirum,
1699 4831 1823 4904 dionisii,
1848 4831 1956 4903 rustici,
1980 4840 2010 4890 et
2031 4828 2188 4898 eleutherii,
2212 4827 2282 4888 fidei

422 4930 562 5012 (lignum)
589 4931 736 5012 triumphi.
789 4932 850 5008 Qui
884 4933 1059 5012 protoplasti
1094 4932 1214 5006 lacinus,
1243 4933 1325 5012 quod
1376 4941 1550 4991 ornamenta
1583 4931 1735 5008 prospexit
1742 4950 1751 5007 ;
1787 4931 1869 4990 cuius
1898 4926 2113 5009 lorti(tu)dine¹
2141 4928 2280 4998 roborati,

421 5045 476 5103 per
488 5027 560 5105 ligni
574 5027 655 5088 uetiti
674 5037 794 5106 gustum
813 5028 945 5089 humano
967 5029 1067 5106 generi
1088 5027 1251 5088 deriuatum
1271 5038 1324 5102 est,
1376 5024 1515 5085 aduersus
1550 5025 1693 5085 senissimi
1721 5043 1756 5086 ac
1783 5024 1876 5085 rabidi
1910 5023 2002 5084 bostis
2037 5021 2281 5083 coufiuctationes

422 5120 568 5196 peridem
589 5121 702 5199 lignum
720 5122 813 5182 crucis
834 5122 920 5182 simul
934 5139 1052 5200 quoque
1074 5131 1203 5182 nostram
1224 5140 1325 5182 secum
1377 5119 1571 5193 dimicamnt3
1592 5129 1621 5178 et
1639 5137 1694 5196 pro
1709 5119 1756 5179 dei
1775 5119 1896 5179 nomine
1915 5117 1983 5177 forti
1996 5117 2206 5195 congressione
2221 5114 2282 5176 luc-

423 5212 547 5274 christus
582 5212 726 5294 ad(l)fixit
755 5213 861 5276 delicta
891 5214 1058 5296 dedi(le)sti.
1101 5215 1192 5276 Cuius
1223 5227 1325 5295 typum
1376 5222 1481 5286 tantas,
1501 5213 1606 5290 agonis
1629 5215 1674 5273 sui
1698 5213 1857 5273 certamine
1876 5211 2072 5285 desudarunt;
2101 5209 2162 5283 Qui
2183 5207 2282 5270 luttua

1377 5307 1587 5384 cogitauerunt,
1605 5308 1751 5386 presentia
1771 5314 2019 5383 contempserunt.
2068 5303 2186 5364 Horum
2207 5321 2281 5384 quo-

456 5409 465 5440 ¹
482 5409 546 5461 'turs
556 5411 657 5464 miracle
667 5412 689 5462 is
700 5413 819 5464 recorded
830 5414 855 5463 iu
867 5413 950 5473 Bedae,
957 5413 1010 5465 vit.
1020 5413 1046 5466 S.
1058 5413 1201 5474 cuthberti,
1213 5431 1267 5481 cap.
1280 5414 1297 5466 i.

456 5485 467 5597 ζ
482 5487 564 5616 ’ᾇὴῖἑῗ
575 5505 597 5617 13
599 5505 623 5630 3ει
626 5489 746 5616 ldifferent
758 5491 859 5544 Preiace
870 5492 896 5542 iu
903 5492 935 5546 Y.
1378 5486 1460 5619 iulYA
1470 5487 1581 5541 different
1595 5489 1674 5540 Missa
1685 5489 1724 5540 lor
1735 5488 1804 5541 these
1819 5489 1899 5540 saian
1912 5489 1934 5540 is
1949 5489 2023 5556 giren
2038 5503 2071 5539 ou
2084 5487 2129 5540 tot.
2142 5501 2189 5556 195
2198 5505 2215 5539 a
2230 5487 2281 5538 and

456 5641 467 5673 ⁴
482 5643 508 5692 A
518 5643 631 5698 diilmmt
642 5643 741 5697 Prelaoc
752 5645 773 5696 is
783 5644 856 5712 given
868 5647 894 5698 in
906 5645 949 5700 the
960 5646 1040 5700 Missa
1050 5663 1083 5700 on
1096 5647 1139 5700 tol.
1150 5660 1198 5715 170
1209 5665 1233 5701 a.
1410 5649 1421 5681 ⁸
1436 5651 1462 5700 A
1472 5649 1605 5703 mutilated
1615 5650 1674 5718 leat,
1686 5649 1764 5703 about
1776 5649 1832 5702 hals
1840 5649 1870 5703 of
1878 5649 1899 5702 it
1909 5649 1985 5716 being
1996 5655 2038 5701 cut
2049 5665 2127 5715 away.
