5116 6608
447 539 518 624 296

443 739 575 815 peccaui,
590 737 696 817 quibus
711 739 843 816 nequiter
857 737 976 808 offendi,
988 755 1043 815 pro
1057 738 1163 816 quibus
1177 737 1249 796 iram
1263 747 1343 797 tuam

443 834 570 910 grauiter
583 834 684 902 merui,
698 834 730 892 in
744 833 848 910 quibus
862 851 911 892 me
931 851 1014 892 reum
1035 843 1063 892 et
1084 832 1258 908 culpabilem
1278 832 1343 904 feci,

393 919 396 924 ’
442 928 472 986 in
483 929 590 1004 quibus
600 929 690 988 uitam
706 945 800 987 meam
816 926 937 1005 perdidi,
946 927 976 984 in
988 927 1093 1004 quibus
1102 928 1231 986 animam
1246 945 1343 986 meam

441 1031 471 1080 et
484 1040 591 1099 corpus
613 1041 711 1082 meum
732 1032 761 1081 et
780 1040 885 1081 omnes
907 1039 1010 1082 sensus
1030 1038 1114 1081 meos
1135 1021 1342 1080 contaminaui.

441 1111 608 1176 Misericors
630 1128 658 1177 et
683 1117 833 1176 miserator
855 1115 974 1174 domine
1003 1114 1084 1187 deus,
1109 1115 1246 1174 miserere
1273 1117 1341 1183 mei,

440 1211 583 1288 quatinus,
599 1222 628 1272 te
648 1212 812 1280 miserante,
831 1211 861 1269 in
883 1211 938 1270 bac
960 1211 1019 1269 uita
1039 1221 1179 1286 purgatus
1200 1220 1229 1268 et
1250 1210 1342 1269 illum-

439 1305 544 1377 inatus,
560 1305 597 1364 ad
611 1316 711 1364 eterne
726 1304 895 1365 saluationis
909 1313 958 1378 tue
978 1314 1007 1363 et
1027 1303 1239 1363 benedictionis
1254 1305 1340 1380 parti-

439 1401 615 1477 cipationem
627 1401 799 1477 pertingam,
809 1418 861 1476 per
871 1411 951 1458 tuam
962 1418 1101 1476 magnam
1113 1399 1340 1458 misericordiam

438 1504 467 1553 et
482 1497 689 1571 sempiternam
704 1496 835 1570 gratiam.

480 1588 715 1648 clementissime
744 1588 824 1657 deus,
853 1588 903 1664 qui
932 1605 992 1646 non
1021 1597 1146 1645 mortem
1177 1587 1229 1646 sed
1258 1588 1339 1663 peni-

437 1683 557 1741 tentiam
579 1682 725 1741 desideras
746 1693 943 1758 peccatorum,
966 1700 1014 1739 me
1036 1681 1230 1740 miserrimum
1252 1680 1339 1758 fragi-

437 1776 638 1853 lissimumque
653 1795 687 1835 ac
708 1787 893 1853 peccatorem
910 1793 971 1834 non
986 1775 1109 1852 repellas
1123 1793 1141 1833 a
1155 1785 1203 1833 tua
1222 1775 1338 1852 pietate,

437 1889 533 1947 neque
558 1871 684 1947 proicias
709 1889 747 1929 ne
770 1888 787 1928 a
809 1869 881 1928 facie
902 1880 952 1928 tua
974 1881 1002 1929 et
1023 1887 1040 1927 a
1061 1879 1112 1928 tuo
1137 1879 1240 1928 sancto
1266 1887 1338 1928 con-

437 1975 548 2039 spectu,
573 1983 669 2042 neque
691 1965 816 2040 aspicias
837 1963 875 2022 ad
897 1963 1007 2022 scelera
1027 1981 1094 2022 mea
1117 1964 1289 2041 grauissima
1310 1975 1338 2022 et

435 2058 665 2128 innumerabilia,
678 2069 706 2116 et
721 2057 919 2116 immunditias
939 2057 1080 2128 sordidas,
1099 2057 1339 2134 turpissimasque

436 2153 628 2228 cogitationes
644 2170 734 2222 meas,
750 2152 854 2229 quibus
869 2151 1007 2210 omnibus
1027 2169 1085 2227 ego
1107 2153 1194 2210 miser
1208 2152 1338 2228 peccaui,

436 2247 541 2323 quibus
562 2247 694 2324 nequiter
708 2245 828 2316 offendi,
843 2246 947 2322 quibus
970 2246 1098 2304 animam
1119 2263 1217 2305 meam
1231 2256 1260 2304 et
1274 2264 1337 2305 cor·

435 2357 492 2416 pus
513 2358 622 2412 meum,
636 2351 666 2398 et
680 2357 785 2398 omnes
806 2357 909 2399 sensus
930 2357 1013 2398 meos
1029 2340 1226 2399 contaminaui
1242 2341 1279 2398 ab
1293 2341 1336 2398 in·

434 2434 525 2493 santia
539 2452 605 2493 mea
619 2452 712 2510 usque
727 2451 814 2504 nunc,
829 2451 928 2492 coram
940 2445 967 2490 te
982 2443 1011 2491 et
1025 2451 1123 2492 coram
1139 2434 1250 2510 angelis
1265 2436 1335 2507 tuis;

434 2528 488 2588 sed
510 2538 560 2586 tua
582 2527 787 2597 misericordia,
812 2527 942 2604 piissime
965 2526 1046 2598 deus,
1068 2545 1116 2585 me
1138 2529 1177 2586 ab
1198 2529 1336 2587 omnibus

434 2624 562 2698 peccatis
583 2623 656 2681 meis
678 2622 836 2681 clementer
855 2631 884 2680 et
905 2621 1059 2697 dignanter
1079 2621 1258 2698 purificante,
1280 2621 1336 2695 sac,

433 2735 535 2793 queso,
556 2735 609 2794 per
631 2715 807 2775 inlusionem
835 2725 884 2789 tue
910 2716 1024 2791 pietatis
1051 2727 1080 2774 et
1101 2717 1194 2792 gratie
1215 2735 1263 2776 me
1284 2718 1335 2777 tibi

434 2810 539 2870 offerre
567 2811 740 2870 sacrificium
768 2811 819 2870 tibi
840 2809 1017 2886 acceptabile
1035 2803 1069 2870 ‘et
1092 2811 1178 2870 nobis
1203 2811 1334 2872 salutare.

432 2906 489 2966 Per
503 2907 655 2965 dominnm
670 2916 700 2964 et
714 2905 801 2964 deum
816 2915 957 2976 nostrum,
973 2905 1023 2982 qui
1038 2915 1135 2964 tecum
1153 2906 1231 2965 uiuit.

772 3161 852 3226 tna
872 3163 965 3227 uratia
975 3165 994 3226 ¹.

472 3295 604 3355 Piissime
620 3295 700 3366 dens,
716 3296 765 3372 qui
785 3315 817 3355 es
836 3296 1015 3368 immortalis,
1032 3296 1118 3368 solus,
1135 3297 1331 3373 omnipotens,

430 3400 459 3449 et
480 3401 606 3464 eternus,
629 3400 693 3448 esto
712 3391 854 3466 propitius
875 3391 946 3448 mibi
968 3393 1131 3467 peccatori;
1161 3401 1191 3449 et
1212 3391 1331 3468 indulge

430 3484 500 3542 mihi
522 3484 602 3561 quod
623 3502 681 3562 ego
703 3485 880 3542 miserrimus
902 3494 930 3542 et
947 3484 1169 3561 indignissimus
1192 3503 1331 3562 presumo

429 3578 468 3637 ad
490 3589 572 3637 tuum
594 3588 727 3638 sanctum
750 3578 838 3636 altare
861 3579 1008 3648 accedere,
1031 3589 1059 3638 et
1081 3590 1162 3637 tuum
1184 3581 1330 3640 sanctissi-

428 3691 511 3731 mum
525 3683 555 3731 et
569 3672 811 3749 gloriosissimum
822 3682 850 3731 et
865 3673 1046 3732 adorandum
1058 3692 1168 3732 nomen
1184 3674 1329 3733 inuocare.

428 3765 496 3844 Ego
514 3768 592 3825 enirn
611 3767 732 3842 peccaui
753 3767 887 3842 grauiter.
930 3765 1026 3824 Reum
1044 3786 1092 3826 me
1111 3777 1140 3826 et
1155 3767 1329 3844 culpabilem

429 3861 485 3920 secl
516 3860 762 3919 innumerabiliter
790 3861 828 3919 ab
860 3860 981 3919 infantia
1014 3879 1081 3920 mea
1116 3879 1208 3938 usque
1242 3881 1328 3934 nunc,

428 3973 529 4014 coram
558 3963 595 4024 te,
624 3964 652 4012 et
680 3971 779 4012 coram
804 3953 914 4030 angelis
938 3957 1002 4014 tuis.
1047 3955 1106 4015 Sed
1131 3967 1171 4026 tu,
1200 3956 1328 4033 piissime

428 4048 510 4118 deus,
521 4049 571 4124 qui
586 4065 647 4105 non
661 4048 706 4106 uis
721 4058 846 4105 mortem
860 4050 1031 4124 peccatoris,
1041 4049 1091 4107 sed
1103 4059 1134 4107 ut
1145 4061 1329 4110 conuertatur

429 4143 468 4200 ad
482 4153 510 4200 te
525 4152 553 4200 et
567 4142 654 4212 uiuat,
669 4142 761 4199 tribue
777 4141 846 4198 mibi
866 4142 1075 4219 indulgentiam
1095 4145 1227 4201 omnium
1242 4144 1329 4204 delic-

428 4245 525 4295 torum
540 4253 682 4304 mcorum,
698 4245 727 4292 et
740 4234 889 4293 confirma,
897 4253 944 4293 me
959 4237 988 4292 in
1004 4248 1052 4294 tua
1066 4248 1168 4295 sancta
1185 4249 1214 4296 et
1228 4239 1327 4297 catho-

427 4330 483 4389 lica
505 4329 572 4398 fide,
592 4339 620 4386 et
637 4327 683 4386 lac
704 4345 752 4386 me
774 4328 868 4386 lacere
889 4328 1069 4388 uoluntatem
1090 4340 1170 4389 tuam
1192 4333 1328 4391 omnibus

428 4424 531 4483 diebus
545 4423 604 4496 uite
618 4440 693 4496 mee,
708 4432 736 4480 et
751 4423 780 4478 in
798 4422 981 4499 beneplacito
1002 4435 1052 4482 tuo
1075 4423 1120 4482 fac
1141 4443 1189 4483 me
1211 4444 1327 4503 semper

427 4535 617 4596 permanere;
640 4518 708 4593 quia
730 4526 761 4575 tu
784 4516 919 4592 dignatus
942 4535 973 4576 es
995 4528 1163 4594 peccatores
1187 4520 1224 4578 ad
1247 4531 1326 4579 tuam

427 4611 655 4672 misericordiam
676 4628 792 4680 uocare,
808 4621 837 4668 et
851 4610 888 4668 ad
903 4622 931 4669 te
945 4613 1130 4672 uenientibus
1145 4613 1280 4690 dignatus
1295 4633 1327 4673 es

426 4706 586 4782 piissimam
604 4704 812 4780 indulgentiam
832 4717 860 4761 et
875 4709 1080 4781 sempiternam
1102 4709 1225 4782 gratiam
1247 4719 1326 4766 tuam

426 4800 575 4872 conferre;
598 4799 667 4875 quia
680 4808 710 4856 tu
731 4817 763 4856 es
784 4809 897 4856 creator
911 4801 1043 4858 omnium
1065 4810 1093 4857 et
1115 4801 1260 4873 dominus,
1276 4803 1326 4860 tibi

425 4905 469 4953 est
483 4895 580 4953 omnis
595 4893 690 4952 honor
700 4903 729 4950 et
743 4892 842 4968 gloria.
865 4892 920 4951 Per
930 4892 1043 4954 ihesum
1056 4895 1195 4954 christum
1206 4898 1326 4956 unicum

425 4988 516 5048 filium
530 4999 620 5057 tuum,
635 4988 685 5063 qui
700 4997 805 5045 tecum.

832 5201 930 5267 &liat

465 5325 699 5387 clementissime
731 5327 813 5400 deus,
842 5329 891 5405 qui
920 5327 1053 5386 omnium
1084 5329 1265 5387 occultorum
1295 5340 1324 5389 et

425 5421 610 5497 cognitorum
639 5422 817 5496 conscientie
849 5441 914 5495 mee
942 5421 1063 5480 uulnera
1096 5425 1269 5498 grauissima
1296 5435 1325 5483 et

556 5581 564 5610 ¹
581 5581 636 5632 Fol.
648 5582 696 5645 gb.
1058 5582 1068 5612 ¹
1085 5583 1140 5633 Fol.
1152 5600 1198 5647 ea.

1134 534 1180 610 d.
1194 534 1239 610 d.
1255 535 1301 610 ul.
1315 534 1360 611 Φ.
1378 535 1488 624 Μ.
1511 558 1592 633 27o.

1400 737 1621 800 innumerabilia
1641 741 1728 814 nosti,
1743 741 1863 820 ignosce
1882 744 1952 804 mihi
1973 748 2121 824 peccatori
2141 750 2222 828 quod
2243 769 2302 830 ego

1395 834 1534 911 indignus
1555 854 1693 913 presumo
1715 837 1753 896 ad
1774 848 1858 897 tuum
1881 851 2016 900 sanctum
2038 841 2127 902 altare
2149 843 2299 918 accedere,

1396 936 1425 985 et
1459 947 1511 1006 per
1539 948 1606 989 mea
1639 931 1872 992 immundissima
1906 933 1983 994 labia
2020 954 2131 997 nornen
2167 952 2300 1000 sanctum

1395 1030 1477 1080 tuum
1505 1032 1535 1083 et
1565 1024 1726 1100 gloriosum
1761 1026 1919 1102 inuocare;
1951 1048 2047 1107 parce,
2076 1029 2204 1100 domine.
2229 1035 2315 1093 mihi¹

1395 1119 1550 1191 peccatori,
1565 1118 1770 1195 pudendorum
1792 1130 1911 1180 actuum
1932 1140 2066 1183 meorum
2087 1136 2198 1186 secreta
2212 1131 2299 1205 perti·

1394 1212 1544 1281 mescenti,
1566 1212 1687 1290 indulge
1709 1213 1869 1286 confitenti,
1891 1215 2028 1276 miserere
2049 1219 2240 1295 supplicanti;
2269 1234 2300 1282 et

1394 1321 1447 1379 per
1457 1315 1536 1363 tuam
1548 1324 1686 1381 magnam
1700 1308 1929 1368 misericordiam
1940 1320 1969 1369 et
1979 1310 2154 1372 immensam
2167 1317 2297 1390 gratiam,

1394 1399 1517 1458 obsecro
1531 1409 1568 1470 te,
1584 1400 1622 1458 da
1636 1400 1706 1459 mihi
1721 1402 1837 1460 neniam
1859 1402 1897 1461 de
1914 1405 2042 1478 peccatis
2056 1407 2131 1465 meis
2145 1411 2297 1485 preteritis,

1393 1501 1422 1550 et
1446 1493 1609 1552 custodiam
1633 1494 1670 1553 de
1695 1495 1877 1571 presentibus
1901 1507 1931 1555 et
1952 1497 2063 1557 futuris.
2106 1499 2163 1560 Per
2183 1502 2297 1562 ihesum

1393 1585 1532 1645 christum
1548 1589 1667 1646 unicum
1681 1588 1771 1647 lilium
1787 1598 1879 1661 tunm,
1889 1591 1938 1668 qui
1952 1602 2050 1652 tecum
2065 1594 2145 1666 uiuit,
2161 1607 2214 1657 etc.

1602 1783 1712 1848 distin
1733 1789 1770 1848 ab
1790 1801 1943 1867 putarant
1963 1789 2058 1869 patris
2069 1793 2087 1852 ¹.

1432 1907 1559 1969 Domine
1574 1910 1647 1970 deus
1661 1911 1856 1987 omnipotens,
1872 1921 1970 1986 eterne
1985 1922 2013 1973 et
2027 1915 2191 1988 ineffabilis,
2206 1936 2294 1994 quern

1391 2004 1496 2061 trinum
1525 2005 1555 2062 in
1583 2005 1693 2064 unitate
1720 2015 1749 2063 et
1777 2023 1869 2063 unum
1901 2007 1931 2064 in
1958 2007 2084 2068 trinitate
2112 2011 2293 2071 confitemur.

1390 2097 1437 2156 Te
1458 2097 1553 2158 solum
1576 2097 1676 2168 adoro,
1691 2103 1718 2157 te
1738 2098 1834 2170 laud0,
1855 2111 1941 2177 teque
1963 2101 2105 2178 glorifico,
2119 2114 2168 2180 tue
2182 2106 2294 2166 miseri·

1390 2194 1488 2267 cordie
1509 2195 1616 2270 gratias
1636 2193 1738 2264 resero,
1760 2196 1819 2270 qui,
1840 2213 1888 2253 me
1911 2208 2030 2256 exutum
2052 2201 2146 2259 noctis
2174 2202 2293 2276 perfidie

1390 2299 1418 2345 et
1438 2289 1551 2357 erroris,
1569 2287 1740 2364 participem
1756 2287 1815 2346 lieri
1830 2289 1953 2350 tribuisti
1972 2292 2063 2367 gratie
2077 2303 2135 2366 tue.
2172 2294 2291 2366 Perfice,

1390 2399 1491 2458 queso,
1522 2382 1650 2452 domine,
1686 2391 1803 2458 ceptum
1837 2383 1869 2440 in
1906 2402 1955 2443 me
1989 2402 2065 2462 opus
2096 2389 2291 2465 misericordie

1390 2486 1446 2549 tue.
1490 2474 1586 2552 Loqui
1603 2486 1633 2534 et
1649 2493 1809 2552 agereque
1829 2476 1937 2553 placita
1957 2491 2025 2538 sunt
2046 2481 2096 2538 tibi
2118 2493 2147 2540 et
2167 2486 2291 2557 gratuita

1390 2588 1437 2629 me
1458 2571 1566 2647 ubique
1586 2570 1693 2646 pietate
1715 2580 1764 2629 tua
1785 2572 1899 2629 custodi
1910 2592 1919 2644 3
1942 2571 2047 2650 facque
2067 2592 2116 2634 me
2135 2577 2290 2654 indignum

1388 2674 1417 2724 et
1439 2665 1577 2723 miserum
1602 2664 1780 2741 quandoque
1802 2665 1839 2724 ad
1860 2675 1941 2724 tuam
1962 2669 2114 2744 pemenire
2133 2671 2289 2741 uisiunem,

1387 2759 1436 2835 qui
1451 2777 1526 2817 unus
1539 2759 1570 2816 in
1584 2759 1709 2817 trinitate
1728 2757 1856 2834 perfecta
1874 2759 1948 2821 uiuis
1967 2771 1997 2820 et
2014 2780 2121 2840 regnas
2143 2762 2214 2824 deus
2235 2783 2289 2842 per

1387 2853 1487 2913 omnia
1500 2852 1605 2912 secula

1623 2977 1734 3043 diutia
1755 2984 1792 3042 ab
1813 2997 1966 3061 personam
1987 2981 2049 3045 ala.

1426 3116 1555 3176 Domine
1588 3117 1669 3176 ihesu
1705 3117 1820 3190 christe,
1848 3137 1900 3177 rex
1931 3119 2086 3197 uirginum,
2114 3121 2286 3200 integritatis

1385 3220 1506 3282 amator,
1529 3211 1611 3269 muni
1631 3228 1683 3270 cor
1708 3230 1808 3271 meum
1830 3213 1867 3272 ab
1892 3213 2030 3273 omnibus
2055 3215 2166 3290 sagittis
2190 3226 2219 3275 et
2241 3219 2285 3275 in·

1385 3306 1465 3365 sidiis
1492 3305 1609 3376 inimici,
1638 3316 1667 3364 et
1694 3306 1832 3382 extingue
1860 3307 1890 3364 in
1920 3325 1969 3365 me
1996 3326 2085 3367 omne
2116 3310 2284 3370 incendium

1384 3399 1527 3472 libidinis;
1550 3397 1643 3458 aeda
1664 3418 1762 3458 ueram
1783 3399 1981 3472 bumilitatem,
2000 3411 2029 3460 et
2050 3403 2283 3479 tranquillitatem

1384 3495 1521 3570 patientie
1536 3493 1624 3552 michi
1641 3496 1796 3571 peccatori.
1825 3494 1964 3554 Accende
1979 3497 2009 3553 in
2024 3514 2080 3568 me,
2096 3496 2224 3569 domine,
2238 3500 2282 3576 ig-

1383 3607 1452 3648 nem
1475 3592 1515 3647 tui
1538 3590 1645 3648 amoris
1666 3589 1697 3647 in
1719 3589 1806 3649 corde
1828 3607 1914 3661 meo;
1935 3599 1964 3649 et
1985 3591 2132 3660 succende
2152 3605 2280 3654 mentem

1382 3702 1478 3744 meam
1501 3695 1559 3742 tuae
1580 3684 1705 3743 caritatis
1730 3685 1861 3756 stimulis,
1883 3693 1915 3744 ut
1936 3685 2006 3744 odio
2028 3685 2140 3747 habens
2159 3706 2280 3747 omnem

1381 3779 1461 3837 uiam
1485 3778 1651 3855 iniquitatis,
1676 3779 1787 3855 possim
1811 3779 1923 3838 cunctis
1946 3779 2049 3838 diebus
2075 3781 2135 3854 uite
2159 3799 2225 3856 mee
2249 3784 2281 3841 in

1381 3874 1467 3932 bonis
1489 3873 1626 3949 operibus
1644 3891 1839 3949 perseuerare,
1857 3883 1886 3931 et
1905 3873 1937 3931 in
1955 3873 2029 3932 hora
2048 3877 2143 3934 exitus
2163 3877 2222 3935 mei
2242 3876 2280 3936 ad

1381 3979 1461 4026 tuam
1486 3965 1713 4026 misericordiam
1738 3968 1898 4042 peruenire.
1948 3965 2008 4039 Qui
2030 3985 2097 4027 cum
2120 3968 2176 4029 deo
2198 3981 2280 4048 patre

1381 4071 1409 4120 et
1424 4062 1525 4138 spiritu
1539 4070 1641 4119 sancto
1655 4061 1728 4119 uiuis
1741 4071 1770 4119 et
1783 4077 1897 4137 regnas.

1588 4257 1698 4322 dantia
1720 4259 1914 4340 suspiritum
1935 4263 2079 4324 sannam.

1422 4388 1544 4464 Spiritus
1558 4397 1666 4458 sancte,
1677 4387 1748 4447 deus
1762 4388 1956 4465 omnipotens,
1968 4407 2004 4448 ex
2016 4398 2138 4466 utroque
2153 4399 2234 4465 patre
2249 4401 2279 4449 et

1379 4482 1437 4541 filio
1458 4482 1629 4558 procedens,
1649 4481 1699 4541 lux
1715 4499 1785 4541 uera
1805 4481 1971 4542 illuminans
1990 4501 2111 4544 omnem
2128 4483 2278 4544 bominem

1379 4576 1543 4634 uenientem
1557 4577 1587 4634 in
1601 4575 1679 4635 hunc
1694 4576 1846 4647 mundum,
1861 4576 2000 4650 illumina,
2012 4595 2113 4656 queso,
2128 4577 2279 4636 cecitatem

1379 4671 1474 4730 cordis
1497 4672 1564 4744 mei,
1590 4681 1620 4729 et
1643 4670 1772 4730 accende
1795 4671 1825 4728 in
1845 4689 1894 4730 me
1915 4671 2015 4748 ignem
2036 4672 2148 4731 ardoris
2168 4673 2208 4729 tui
2220 4692 2228 4744 ;
2250 4683 2280 4730 et

1378 4765 1457 4824 dona
1470 4765 1541 4823 mihi
1562 4764 1651 4823 fidem
1671 4777 1789 4836 rectam,
1805 4782 1889 4841 spem
1910 4776 2027 4838 certam,
2043 4767 2191 4826 caritatem
2212 4784 2279 4842 per-

1378 4859 1483 4917 lectam
1497 4869 1526 4918 et
1540 4859 1664 4937 reliquas
1684 4869 1802 4941 sanctas
1822 4860 1951 4930 uirtutes,
1966 4879 2019 4939 per
2033 4879 2106 4938 quas
2119 4859 2278 4938 intelligam

1377 4962 1405 5011 te
1420 4953 1529 5024 timere,
1544 4963 1572 5012 te
1587 4972 1693 5025 amare,
1708 4971 1742 5012 ac
1763 4965 1813 5018 tua
1833 4953 1970 5014 melliflua
1991 4955 2147 5014 karismata
2168 4973 2279 5013 merear

1377 5048 1537 5124 percipere,
1558 5058 1590 5106 ut
1610 5066 1678 5108 cum
1700 5047 1770 5107 mihi
1792 5047 1854 5106 dies
1875 5059 2005 5107 extrema
2026 5049 2163 5119 euenerit,
2183 5049 2278 5124 angeli

1378 5142 1458 5217 pacis
1471 5159 1520 5200 me
1534 5142 1703 5219 suscipiant,
1718 5151 1747 5200 et
1761 5141 1798 5200 de
1815 5150 1960 5219 potestate
1980 5143 2176 5219 malignorum
2197 5143 2278 5219 spiri-

1378 5245 1461 5294 tuum
1482 5235 1614 5312 eripiant,
1629 5246 1716 5312 atque
1731 5237 1761 5294 in
1776 5235 1874 5312 requie
1894 5236 2049 5296 beatorum
2070 5245 2100 5296 et
2119 5236 2278 5294 electorum

1377 5338 1493 5388 tuorum
1505 5331 1657 5402 collocent,
1667 5339 1813 5390 annuente
1825 5339 1907 5408 patre
1921 5341 1950 5390 et
1961 5330 2028 5401 filio,
2038 5331 2088 5409 qui
2099 5331 2166 5389 inte
2176 5331 2278 5407 spiritu

1376 5437 1479 5484 sancto
1493 5442 1569 5482 unus
1584 5424 1656 5483 deus
1670 5425 1742 5483 uiuit
1756 5434 1785 5482 et
1798 5433 1901 5500 regnat
1914 5442 1967 5500 per
1981 5425 2089 5484 omnia.

1759 5576 1767 5606 ¹
1786 5577 1840 5627 Ful.
1854 5578 1900 5640 4b.
