5122 6610
422 542 727 638 mutuussfarfbus.
764 545 1009 639 ananelus.
1469 551 1861 652 prostrastratum.

2051 581 2116 650 191

269 746 444 809 emendare
466 765 568 828 quarn
591 745 736 829 perdere,
752 745 878 831 respice
894 748 1054 832 propitius
1069 769 1167 833 super
1220 749 1280 816 has
1292 753 1476 820 oblationes
1488 777 1570 840 quas
1585 757 1647 823 tibi
1662 779 1723 843 pro
1734 759 1961 827 incolomitate
1972 760 2121 827 omnium

268 843 354 908 hunc
368 843 529 910 famulum
545 857 638 910 tuum
655 846 713 911 all.
732 857 767 912 et
788 869 848 930 per
869 848 941 913 haec
962 859 1168 913 sacramenta
1220 853 1457 937 episcoponrm,
1469 859 1747 942 presbyterorum,
1759 862 1929 940 abbatum,
1942 861 2121 926 monacho-

269 963 342 1025 quae
357 946 557 1028 sumpsimus
577 956 691 1011 auerte
713 947 756 1010 ab
772 969 813 1012 eo
828 949 910 1012 iram
932 948 1168 1031 indignationis
1220 975 1301 1035 rum,
1313 959 1554 1040 canonicorum,
1567 963 1636 1028 siue
1651 963 1919 1047 gubernatorum,
1930 974 2032 1047 atque
2043 985 2122 1028 con·

269 1052 344 1116 tuae,
362 1054 397 1109 et
419 1046 552 1113 dimitte
574 1047 603 1111 ei
627 1047 739 1112 omnia
761 1058 899 1131 peccata
916 1069 983 1114 sua.
1030 1048 1092 1111 Per
1109 1049 1168 1113 do-

270 1166 407 1211 mmum.

467 1295 548 1360 litant
568 1313 619 1378 pru
640 1295 835 1360 familiaribus
855 1298 961 1362 missa.

313 1429 412 1507 Deus,
434 1428 491 1510 qui
518 1427 664 1492 caritatis
685 1428 775 1492 dona
804 1449 864 1511 per
891 1430 1032 1515 gratiam
1062 1431 1167 1496 sancti

270 1528 400 1612 spiritus
423 1537 553 1593 tuorum
577 1527 729 1592 cordibus
753 1528 901 1593 fidelium
925 1528 1091 1609 infudisti3
1124 1532 1168 1595 da

269 1627 398 1693 famulis
421 1637 456 1692 et
478 1625 663 1692 famulabus
686 1629 751 1691 tuis
769 1627 827 1692 ‚itt
851 1650 911 1712 pro
934 1629 1052 1712 quibus
1075 1639 1167 1695 tuam

269 1730 482 1812 deprecamur
497 1727 717 1804 clementiam,
734 1729 874 1793 salutem
899 1731 1019 1796 mentis
1042 1741 1076 1795 et
1096 1751 1166 1795 cor-

269 1829 367 1912 poris,
393 1837 431 1893 ut
456 1836 491 1892 te
516 1835 590 1892 tota
616 1828 738 1892 uirtute
763 1829 912 1913 diligant,
936 1840 971 1894 et
1001 1851 1076 1912 quae
1105 1830 1166 1895 tibi

269 1927 390 2013 placita
406 1937 482 1992 sunt
498 1935 571 1991 tota
585 1927 770 1993 delectione
786 1927 968 2010 perficiant.
1016 1930 1102 1994 Pera

648 2090 789 2155 Secreta.

312 2202 477 2278 Miserere,
497 2203 632 2267 domine
654 2205 746 2280 deus,
769 2203 902 2268 famulis
925 2213 959 2269 et
981 2205 1167 2270 famulabus

269 2304 333 2370 tuis
356 2302 413 2368 a'll.
436 2322 498 2386 pro
523 2303 642 2386 quibus
663 2303 727 2368 hoc
752 2303 945 2369 sacrificium
973 2304 1079 2369 laudis
1100 2317 1168 2371 tuae

269 2402 434 2467 offerimus
456 2402 629 2479 maiestati,
649 2413 687 2468 ut
710 2422 769 2486 per
787 2401 860 2466 haec
880 2413 995 2468 sancta
1018 2425 1168 2487 supemae

268 2502 480 2568 beatitudinis
498 2503 639 2586 gratiam
654 2504 828 2586 optineant
844 2511 877 2567 et
892 2502 1030 2586 gloriam
1046 2515 1169 2569 aeterne

268 2602 481 2668 beatitudinis
495 2602 679 2685 adquirant.
726 2602 813 2667 Pera

632 2765 796 2848 Prfsatio.

312 2878 354 2943 U.
372 2879 415 2943 D.
432 2889 555 2942 aeteme
569 2878 662 2942 deus.
709 2876 931 2943 Clementiam
950 2887 1042 2942 tuam
1058 2879 1170 2961 pronis

269 2978 432 3043 mentibus
468 2977 687 3052 obsecrantes,
718 2987 754 3041 ut
791 2977 935 3042 famulos
973 2986 1049 3043 tuos
1087 2997 1170 3060 quos

268 3087 389 3142 sanctae
405 3077 588 3142 dilectionis
604 3077 699 3141 nobis
717 3075 942 3142 familiaritate
959 3077 1170 3156 coniunxisti,

269 3178 327 3242 tibi
349 3176 451 3242 facias
474 3185 546 3241 toto
568 3178 668 3240 corde
690 3177 812 3240 seruire
835 3176 1009 3254 subiectos,
1031 3177 1080 3242 Ut
1102 3186 1170 3241 tuae

269 3277 411 3342 caritatis
445 3277 561 3359 spiritu
596 3275 768 3358 repleti,a
802 3276 938 3340 terrenis
972 3277 1171 3340 mundentur

269 3376 512 3459 cupiditatibus,
530 3383 564 3440 et
584 3374 709 3440 caelesti
728 3374 944 3451 beatitudine,
961 3385 997 3441 te
1014 3375 1170 3454 donante,

269 3476 358 3560 digni
373 3475 564 3541 efficiantur.
608 3474 671 3538 Per
685 3473 843 3539 christum
854 3473 875 3537 ¹.

563 3639 624 3703 Ad
642 3639 872 3723 complendum.

311 3755 435 3820 Diuina
456 3754 601 3819 libantes
625 3753 793 3838 mysteria,
816 3773 1002 3836 quesumus,
1025 3753 1169 3832 domine,

269 3866 303 3919 ut
325 3855 397 3920 haec
420 3854 577 3920 salutaria
599 3863 807 3920 sacramenta
829 3853 893 3917 illis
923 3853 1095 3936 proficiant
1125 3855 1167 3918 ad

268 3954 520 4039 prosperitatem
543 3963 577 4019 et
599 3974 727 4036 pacem,
747 3973 807 4038 pro
829 3973 969 4036 quorum
992 3953 1169 4019 dilectione

269 4054 339 4121 lraec
355 4064 423 4120 tuae
439 4054 621 4119 obtulimus
640 4053 814 4118 maiestati.
860 4053 947 4116 Pera

412 4293 525 4370 Μίκκα
544 4313 597 4378 ptu
617 4297 751 4361 artubus
770 4296 905 4361 nnuma
925 4296 1016 4360 ninia

310 4431 483 4507 Pretende,
500 4429 644 4506 domine,
662 4430 815 4495 fidelibus
838 4431 903 4495 tuis
923 4429 1076 4496 omnibus
1098 4429 1166 4513 epi·

266 4531 382 4614 scopis,
397 4530 608 4615 presbyteris,
622 4530 799 4608 monachis,
813 4529 987 4610 canonicis,
999 4531 1069 4595 siue
1084 4532 1166 4616 regi-

267 4631 367 4695 buset
376 4630 768 4714 gubernatoribus,atque
778 4630 1029 4713 consanguineis
1037 4632 1175 4710 nostris,

267 4740 300 4794 et
325 4731 377 4795 his
400 4731 457 4815 qui
483 4752 519 4795 se
544 4731 578 4794 in
602 4731 723 4795 nostris
749 4730 1069 4795 commendauerunt
1094 4751 1167 4795 ora·

267 4831 420 4906 tionibus,
434 4840 468 4895 et
479 4850 555 4895 suas
570 4831 665 4894 nobis
679 4831 787 4914 largiti
803 4839 880 4894 sunt
892 4829 1096 4908 elemosinas,
1109 4851 1166 4896 seu

268 4930 368 4993 etiam
384 4931 499 4995 ceteris
514 4929 667 4994 fidelibus
682 4930 852 5012 utriusque
867 4950 976 5004 sexus,
993 4930 1167 4995 dexteram

269 5029 407 5094 caelestis
428 5028 555 5108 auxilii,
578 5039 616 5094 ut
638 5038 673 5094 te
695 5038 768 5095 toto
791 5030 890 5095 corde
912 5029 1112 5113 perquirant,
1135 5039 1168 5096 et

270 5148 341 5210 quae
356 5130 456 5212 digne
470 5129 640 5214 postulant
655 5129 811 5212 consequi
828 5135 1025 5195 mereantur.
1070 5129 1163 5195 Per².

643 5292 787 5358 Secreta.

315 5405 505 5489 Propitiare,
519 5407 662 5483 domine,
678 5406 972 5490 supplicationibus
988 5409 1115 5483 nostris,
1133 5417 1169 5474 et

270 5508 284 5516 ·
304 5548 310 5577 ¹
326 5547 358 5598 0.
369 5563 394 5613 p.
408 5563 472 5612 35²3
489 5547 628 5614 Z.fol.190
640 5548 664 5598 b.

302 5626 312 5654 ¹
327 5625 389 5677 This
399 5627 421 5678 is
431 5643 464 5679 an
475 5627 603 5679 extension
614 5627 644 5677 of
652 5625 717 5677 Coll.
729 5627 754 5677 in
764 5627 795 5676 V.
807 5643 849 5694 pp.
862 5641 902 5691 43,
916 5639 971 5690 ²⁵²·

1220 1057 1474 1139 sanguineorum
1504 1070 1702 1139 nostrorum,
1724 1073 1760 1128 et
1790 1085 1903 1129 eorum
1933 1065 1991 1148 qui
2020 1083 2058 1128 se
2087 1063 2121 1127 in

1220 1157 1339 1219 nostris
1376 1161 1692 1227 commendauerunt
1728 1162 1940 1242 orationibus,
1973 1172 2008 1229 et
2044 1184 2121 1227 suas

1220 1255 1314 1318 nobis
1337 1255 1446 1340 largiti
1470 1269 1546 1324 sunt
1566 1260 1771 1338 elemosinas,
1792 1283 1848 1326 seu
1872 1264 1973 1328 etiam
1994 1272 2120 1326 cetero-

1220 1374 1292 1417 rum
1326 1365 1540 1440 utrorumque
1577 1381 1719 1425 sexuum
1753 1361 1909 1438 fidelium,
1940 1361 2121 1427 offeruntur

1219 1451 1381 1537 benignus
1402 1477 1542 1536 assume,
1565 1470 1602 1524 ut
1625 1449 1747 1525 nullius
1767 1462 1810 1526 sit
1839 1461 1965 1526 irritum
1991 1469 2118 1536 uotum,

1219 1553 1339 1618 nullius
1374 1577 1479 1621 uacua
1513 1559 1716 1640 postulatio;
1755 1571 1932 1645 prestaque
1961 1569 1998 1625 ut
2028 1560 2120 1641 quod

1219 1653 1360 1719 fideliter
1376 1658 1519 1739 petimus
1537 1659 1712 1725 efficaciter
1726 1680 1975 1746 consequamur.
2014 1658 2104 1725 Per¹.

1583 1882 1748 1968 prefatio.

1263 2001 1305 2066 U.
1323 2003 1365 2068 D.
1388 2015 1511 2072 aeteme
1531 2009 1622 2073 deus.
1669 2010 1850 2094 Propitiare
1872 2009 2118 2093 supplicationi·

1217 2100 1280 2164 bus
1314 2106 1442 2182 nostris,
1477 2117 1512 2174 et
1545 2110 1698 2175 miserere
1732 2110 1883 2176 fidelibus
1919 2109 2051 2175 famulis
2085 2117 2119 2172 et

1218 2201 1404 2269 famulabus
1429 2207 1502 2286 tuis,
1528 2210 1683 2275 omnibus
1709 2211 1882 2295 episcopis,
1909 2209 2119 2294 presbyteris,

1219 2301 1405 2383 abbatibus,
1429 2307 1608 2388 monachis,
1631 2311 1805 2391 canonicis,
1827 2312 1897 2375 siue
1920 2310 2051 2393 regibus
2085 2316 2120 2371 et

1219 2401 1503 2483 gubernatoribus,
1518 2417 1618 2490 atque
1634 2410 1887 2493 consanguineis
1908 2411 1999 2489 meis,
2014 2416 2049 2474 et
2068 2407 2120 2471 his

1220 2501 1276 2581 qui
1291 2522 1327 2567 se
1342 2503 1375 2566 in
1392 2506 1511 2571 nostris
1526 2510 1842 2575 commendauerunt
1856 2507 2068 2584 orationibus,
2085 2516 2120 2572 et

1110 2620 1113 2628 ¹
1220 2620 1296 2665 suas
1326 2604 1421 2668 nobis
1450 2606 1559 2690 largiti
1589 2619 1665 2673 suut
1695 2609 1902 2683 elemosinas,
1928 2630 1987 2673 seu
2017 2606 2119 2671 etiam

1220 2703 1337 2767 ceteris
1347 2704 1499 2771 fidelibus
1508 2707 1797 2793 utriusquesexus,
1809 2709 1859 2774 Ut
1870 2709 1995 2775 cunctis
2005 2725 2120 2772 eorum

1221 2802 1398 2869 sceleribus
1413 2807 1604 2890 amputatis,
1620 2810 1667 2874 ita
1682 2809 1759 2886 sint,
1775 2811 1918 2886 domine,
1934 2819 2000 2874 tuae
2024 2807 2121 2870 mise·

1222 2903 1358 2968 rationis
1380 2906 1573 2973 defensione
1595 2911 1745 2993 protecti,
1767 2919 1805 2975 ut
1831 2911 1864 2974 in
1888 2907 2120 2974 obseruatione

1222 3006 1454 3070 mandatorum
1484 3019 1615 3073 tuorum
1645 3021 1832 3075 mereantur
1861 3031 1934 3074 esse
1963 3006 2120 3092 perfecti;

1222 3100 1388 3185 Quatinus
1418 3116 1452 3173 et
1478 3108 1512 3172 in
1541 3107 1604 3173 hac
1637 3110 1707 3174 uita
1736 3110 1897 3174 uniuersis
1923 3105 2120 3172 facinoribus

1221 3215 1363 3283 careant,
1375 3215 1409 3270 et
1422 3208 1465 3271 ad
1481 3217 1694 3291 conspectum
1709 3209 1824 3293 gloriae
1839 3219 1906 3275 tuae
1921 3207 2121 3290 quandoque

1221 3305 1291 3368 sine
1306 3307 1496 3372 confusione
1511 3309 1716 3391 perueniant.
1758 3309 1819 3374 Per
1833 3309 2000 3374 christum.
2068 3367 2072 3376 .

1517 3532 1579 3596 Ad
1595 3532 1825 3617 complendum.

1266 3657 1321 3723 Da
1342 3657 1472 3723 famulis
1495 3668 1529 3724 et
1551 3658 1738 3725 famulabus
1760 3662 1836 3738 tuiS,
1851 3679 2040 3744 quesumus,
2060 3658 2120 3722 do·

1221 3757 1319 3838 mine,
1342 3759 1495 3824 omnibus
1518 3760 1689 3843 episcopis,
1705 3761 1914 3844 presbyteris,
1933 3759 2120 3833 abbatibus,

1221 3857 1401 3937 monachis,
1416 3859 1590 3939 canonicis,
1606 3860 1675 3924 siue
1690 3859 1822 3942 regibus
1838 3870 1871 3924 et
1892 3858 2120 3943 gubernatori-

1220 3954 1293 4030 bus,
1308 3967 1410 4040 atque
1425 3958 1677 4042 consanguineis
1693 3961 1821 4038 nostris,
1837 3969 1870 4025 et
1889 3959 1940 4024 his
1956 3959 2012 4042 qui
2035 3956 2120 4022 sein

1221 4059 1341 4122 nostris
1376 4060 1694 4124 commendauerunt
1730 4060 1942 4132 orationibus,
1972 4068 2007 4124 et
2043 4078 2120 4122 suas

1220 4157 1315 4222 nobis
1338 4158 1445 4242 largiti
1467 4169 1545 4223 sunt
1567 4159 1772 4238 elemosinas,
1795 4180 1853 4224 seu
1877 4159 1978 4224 etiam
2003 4159 2120 4223 ceteris

1219 4256 1373 4323 fidelibus
1384 4259 1554 4341 utriusque
1565 4280 1674 4337 sexus,
1687 4261 1721 4323 in
1736 4269 1795 4324 tua
1806 4259 1872 4324 fide
1884 4270 1917 4324 et
1931 4259 2119 4323 sinceritate

1219 4360 1451 4434 constantiam,
1468 4368 1505 4424 ut
1528 4360 1561 4423 in
1584 4359 1722 4424 caritate
1744 4360 1856 4424 diuina
1879 4359 1998 4424 firmati
2021 4357 2119 4422 nullis

1219 4458 1494 4541 temptationibus
1530 4459 1574 4523 ab
1612 4459 1683 4523 eius
1720 4459 1910 4542 integritate
1943 4458 2118 4522 uellantur.

1220 4555 1291 4621 Per.

1238 4771 1350 4844 Μίκκα
1370 4790 1421 4854 pto
1442 4773 1539 4837 saluta
1558 4773 1695 4836 utentum
1714 4773 1763 4836 orl
1781 4773 1877 4852 nquit
1897 4772 2104 4838 urbanarum

1265 4929 1401 4996 Sanctae
1430 4930 1483 4995 dei
1514 4931 1682 5014 genitricis
1715 4929 1837 5007 mariae,
1868 4951 1907 4996 ac
1942 4931 2117 4997 beatorum

1219 5030 1457 5114 apostolorum,
1480 5041 1673 5114 martyrum,
1695 5030 1927 5111 confessorum,
1942 5031 2116 5115 uirginum,

1220 5140 1321 5214 atque
1350 5132 1497 5195 omnium
1535 5141 1722 5196 sanctorum
1757 5139 1900 5208 tuorum,
1930 5151 2117 5215 quesumus,

1220 5231 1430 5314 omnipotens
1449 5233 1541 5308 deus,
1558 5251 1612 5295 me
1628 5229 1787 5295 famulum
1808 5241 1902 5296 tuum
1919 5228 2001 5317 (.Ν.)
2016 5231 2117 5296 inter·

1220 5331 1422 5396 cessionibus
1437 5341 1583 5415 protege,
1598 5332 1785 5414 pariterque
1800 5330 1879 5396 mihi
1896 5329 2118 5395 familiaritate

1219 5442 1322 5514 atque
1351 5431 1636 5515 consanguinitate
1670 5431 1882 5509 coniunctos;
1920 5439 1954 5495 et
1983 5451 2116 5494 omnem

1277 5627 1285 5656 ¹
1302 5625 1412 5677 Collects
1422 5625 1572 5690 resembling
1583 5625 1634 5675 this
1645 5639 1718 5676 oocur
1730 5626 1755 5674 iu
1767 5625 1822 5676 Gel.
1833 5641 1858 5690 p.
1872 5622 1927 5688 7⁶³·
1940 5625 1971 5694 y.
1979 5641 2010 5695 9
2016 5637 2075 5710 ‚².²-⁴'

1954 5780 1975 5792 οι

2003 5799 2011 5814 ἱ
2045 5803 2053 5814 ι

2003 5834 2010 5843 u
2046 5830 2053 5840 ¹¹
2109 5829 2126 5865 ·
