5122 6610
435 567 505 657 176
719 563 776 638 Be
793 563 842 649 ᾖ.
861 561 1030 638 OErlnttate.
1562 562 1619 638 Be
1637 563 1685 650 ᾖ.
1703 563 1885 658 antarta,
1905 565 1954 653 ᾖ.
1973 567 2129 642 dentre.

1019 1199 1292 1303 [MISSAE
1342 1200 1684 1306 VOTIVAEl.

650 1439 763 1515 afflicta
776 1441 811 1504 nr
825 1425 927 1504 ranna
941 1437 1072 1503 trinitate
1081 1441 1100 1504 ¹.
1456 1437 1568 1513 Μίκκα
1580 1441 1614 1503 br
1628 1446 1731 1505 ranna
1745 1441 1899 1524 rapientia,
1916 1461 1973 1526 qur
1989 1443 2115 1523 ehnatna
2130 1451 2174 1512 est
2183 1450 2203 1514 ¹.

472 1562 719 1629 OMNIPOTENS
743 1571 983 1624 SEMPITERNE
1005 1572 1113 1637 DEUS,
1128 1558 1185 1642 qui
1205 1557 1328 1623 dedisti
1424 1555 1525 1635 Deus,
1554 1557 1612 1640 qui
1645 1577 1705 1641 per
1743 1570 1943 1626 coaeternam
1982 1563 2044 1627 tibi
2081 1565 2278 1647 sapientiam

426 1661 559 1726 famulis
587 1661 655 1725 tuis
685 1660 718 1724 in
748 1658 953 1724 consessione
982 1679 1060 1723 uere
1090 1658 1167 1723 fidei
1205 1668 1328 1723 aeteme
1379 1653 1558 1735 hominem,
1571 1676 1646 1723 cum
1662 1678 1729 1723 non
1742 1669 1838 1736 esset,
1850 1662 2035 1743 condidisti,
2045 1666 2279 1749 perditumque

425 1761 582 1826 trinitatis
593 1760 732 1844 gloriam
747 1779 934 1844 agnoscere,
948 1767 982 1823 et
997 1758 1030 1822 in
1045 1758 1195 1842 potentia
1210 1759 1328 1822 maies—
1380 1757 1633 1822 misericorditer
1659 1758 1862 1838 reformasti3
1885 1770 2004 1843 presta,
2028 1784 2216 1845 quesumus,
2239 1773 2278 1828 ut

425 1861 505 1925 tatis
533 1861 672 1926 adorare
701 1861 874 1935 unitatem,
898 1879 1088 1942 quesumus,
1112 1869 1149 1924 ut
1180 1859 1327 1922 eiusdem
1380 1857 1497 1921 eadem
1512 1865 1647 1940 pectora
1668 1867 1781 1924 nostra
1803 1859 1984 1942 inspirante
2000 1859 2060 1948 (te)
2078 1872 2150 1928 tota
2165 1874 2278 1929 mente

425 1959 505 2025 fidei
535 1960 691 2024 firmitate
722 1960 766 2024 ab
796 1957 950 2024 omnibus
983 1979 1113 2043 semper
1142 1959 1329 2022 muniamur
1379 1975 1537 2036 amemus,
1554 1957 1646 2022 etad
1664 1967 1699 2024 te
1713 1968 1786 2024 toto
1801 1961 1900 2024 corde
1914 1980 2091 2028 curramus.
2137 1962 2207 2028 Per.

425 2060 581 2125 aduersis.
627 2060 698 2125 Per.

805 2145 945 2210 Secreta.

471 2258 658 2338 Sanctifica,
673 2278 860 2342 quesumus,
877 2257 1012 2322 domine
1033 2258 1116 2322 deus
1133 2265 1252 2335 noster,
1270 2277 1329 2340 per

426 2357 587 2441 unigeniti
610 2359 658 2423 tui
682 2359 838 2422 uirtutem
861 2356 958 2421 huius
977 2356 1154 2421 oblationis
1176 2356 1328 2434 hostiam,

426 2465 461 2522 et
475 2456 689 2545 (cooperante
705 2457 820 2540 spiritu
836 2453 966 2543 sancto)
983 2477 1041 2541 per
1056 2477 1131 2521 eam
1146 2457 1328 2540 nosmetip·
1379 2506 1578 2572 adsalutem
1635 2505 1698 2572 Per

426 2576 481 2621 sos
496 2556 556 2621 tibi
572 2555 693 2640 perfice
709 2577 827 2621 munus
842 2565 1013 2622 aeternum.
1060 2557 1130 2623 Per.
1581 2556 1589 2573 ⁸
1698 2557 1705 2572 '
1741 2593 1915 2677 Pmffatio⁸

1758 2108 1898 2176 Secreta.

1424 2205 1663 2286 Sanctificetur,
1678 2229 1866 2292 quesumus,
1883 2210 2027 2288 domine,
2041 2211 2138 2277 huius
2156 2223 2277 2279 nostrae

1378 2306 1554 2370 oblationis
1580 2327 1707 2383 munus,
1733 2317 1790 2373 tua
1819 2320 2017 2393 cooperante
2043 2313 2216 2395 sapientia,
2240 2323 2277 2378 ut

1379 2406 1439 2470 tibi
1454 2404 1595 2491 placaere
1608 2409 1714 2490 possit
1733 2410 1777 2474 ad
1797 2409 1940 2490 laudem,
1955 2419 1989 2475 et
2003 2410 2099 2477 nobis
2119 2413 2277 2495 proficere

785 2711 959 2796 Proesatio.
1423 2705 1467 2771 U.
1494 2704 1537 2769 D.
1562 2715 1685 2770 aeterne
1711 2707 1803 2771 deus.
1848 2705 1914 2790 Qui
1941 2707 1989 2772 tui
2016 2709 2157 2775 nominis
2186 2711 2277 2796 agni-

469 2823 513 2889 U,
530 2822 573 2887 1),
591 2832 714 2888 aeteme
737 2823 828 2888 deus,
873 2822 941 2907 Qui
964 2843 1041 2888 cum
1064 2825 1235 2907 unigenito
1257 2825 1326 2889 5110
1378 2804 1503 2869 tionem
1515 2812 1549 2868 et
1560 2814 1627 2869 tuae
1639 2807 1797 2888 potentiae
1808 2805 1946 2889 gloriam
1959 2809 2055 2873 nobis
2068 2810 2101 2873 in
2113 2821 2277 2876 coaeterna

424 2933 484 2987 tuo
499 2932 534 2987 et
548 2923 666 3006 spiritu
680 2931 796 2987 sancto
811 2943 896 2986 unus
911 2943 946 2987 es
962 2922 1052 3002 deus,
1068 2945 1152 2988 unus
1169 2945 1204 2989 es
1219 2925 1326 2989 domi,
1377 2905 1437 2969 tibi
1460 2904 1624 2987 sapientia
1646 2904 1791 2969 reuelare
1813 2904 1955 2983 uoluisti,
1981 2908 2030 2973 Ut
2056 2918 2148 2974 tuam
2175 2911 2277 2976 confi·

425 3043 495 3099 nus,
519 3022 597 3088 Non
621 3023 654 3086 in
677 3025 773 3087 unius
794 3023 1024 3106 singularitate
1045 3043 1194 3107 person&
1210 3025 1269 3089 sed
1292 3025 1326 3088 in
1378 3012 1487 3068 tentes
1510 3003 1728 3082 maiestatem,
1751 3013 1785 3068 et
1808 3005 1872 3068 tuis
1892 3005 2079 3089 inherentes
2102 3011 2276 3090 mandatis,

425 3123 522 3186 unius
543 3122 700 3187 trinitatis
722 3121 925 3187 substanti&
970 3121 1070 3205 Quod
1091 3122 1180 3187 enim
1203 3125 1246 3188 de
1268 3133 1326 3189 tua
1376 3112 1487 3169 tecum
1503 3104 1607 3168 uitam
1622 3102 1804 3169 habeamus
1819 3113 1986 3171 aetemam.
2032 3107 2095 3172 Per
2109 3108 2275 3176 christum.

423 3222 538 3305 gloria,
560 3221 728 3286 reuelante
753 3231 795 3298 te,
818 3222 990 3297 credimus,
1013 3222 1077 3287 hoc
1100 3223 1142 3288 de
1169 3222 1238 3288 filio
1259 3233 1325 3304 tuo,
1674 3252 1736 3318 Ad
1753 3255 1980 3338 emplastum·

423 3321 488 3386 hoc
503 3322 547 3386 de
562 3321 677 3404 spiritu
696 3330 810 3386 sancto
826 3321 896 3385 sine
916 3320 1100 3386 differentia
1121 3322 1326 3387 discretionis

425 3421 594 3496 sentimus,
606 3420 657 3486 Ut
668 3421 873 3486 consessione
885 3440 962 3503 uere
977 3423 1241 3504 sempiterneque
1255 3422 1324 3488 dei·

424 3521 513 3596 tatis,
539 3521 632 3584 etin
658 3520 805 3603 personis
835 3521 1026 3602 proprietas,
1053 3530 1087 3585 et
1118 3521 1150 3584 in
1181 3521 1325 3587 essentia

425 3621 542 3698 unitas,
560 3629 593 3684 et
608 3621 641 3682 in
658 3620 831 3686 maiestate
845 3621 1001 3683 adoretur
1016 3619 1186 3703 equalitas.
1214 3620 1323 3704 Quem

424 3719 564 3784 laudant
577 3717 697 3803 angeli.

721 3867 782 3931 Ad
799 3867 1027 3951 complendum.

470 3980 625 4046 Proficiat
645 3982 739 4046 nobis
759 3981 802 4044 ad
824 3981 967 4046 salutem
983 3982 1128 4065 corporis
1144 3991 1178 4047 et
1193 3983 1324 4059 animae,

425 4081 560 4145 domine
575 4081 666 4160 deus,
680 4080 777 4144 huius
788 4082 986 4146 sacramenti
1002 4083 1175 4164 susceptio,
1189 4093 1223 4147 et
1238 4102 1324 4147 sern-

424 4181 554 4262 piterna
576 4190 700 4246 sanctae
723 4181 880 4245 trinitatis
902 4177 1130 4267 (eiusdemque
1155 4182 1325 4248 indiuidue

426 4278 576 4366 unitatis)
592 4280 762 4344 consessio.
808 4280 869 4345 Per
884 4280 1066 4346 dominum.

1421 3365 1572 3446 Infunde,
1603 3387 1791 3450 quesumus,
1825 3369 1961 3434 domine
1993 3371 2083 3450 deus,
2114 3393 2174 3456 per
2201 3373 2275 3440 haec

1375 3476 1490 3530 sancta
1524 3487 1599 3549 quae
1636 3468 1836 3551 sumpsimus
1867 3477 1935 3533 tuae
1966 3471 2119 3535 cordibus
2155 3475 2275 3539 nostris

1376 3564 1488 3630 lumen
1510 3568 1691 3648 sapientiae,
1706 3576 1744 3631 ut
1763 3576 1798 3631 te
1820 3569 1981 3633 ueraciter
1999 3590 2225 3654 agnoscamus,
2240 3584 2275 3639 et

1375 3664 1517 3731 fideliter
1532 3667 1717 3750 diligamus.
1762 3667 1834 3732 Per.

1707 3814 1768 3880 Ad
1778 3817 1943 3899 populum.

1420 3927 1524 4005 Deus,
1547 3929 1604 4011 qui
1635 3926 1752 3994 misisti
1783 3929 1889 3993 filium
1916 3941 2012 3995 tuum
2039 3943 2073 3998 et
2100 3935 2273 4000 ostendisti

1376 4127 1517 4192 famulos
1537 4137 1613 4192 tuos
1634 4138 1667 4191 et
1685 4148 1824 4211 prepara
1839 4132 1914 4213 agie
1933 4131 2068 4215 sophie²
2088 4135 2224 4218 dignam
2239 4135 2273 4198 in

1376 4227 1529 4292 cordibus
1545 4229 1665 4292 nostris
1680 4227 1931 4295 habitationem.
1976 4232 2047 4296 Per.

756 4440 817 4506 Ad
827 4441 992 4525 populum.
1607 4431 1720 4507 fflltta
1731 4437 1766 4498 br
1780 4439 1882 4499 tanda
1897 4437 2015 4501 raritate
2023 4441 2044 4505 ⁸.

469 4552 615 4618 Domine
629 4555 720 4631 deus,
735 4562 829 4636 pater
843 4555 1062 4636 omnipotens,
1079 4551 1167 4642 (nos)
1183 4555 1325 4621 famulos
1421 4552 1643 4636 Omnipotens
1673 4556 1872 4637 sempiterne
1901 4556 1991 4636 deus,
2021 4561 2077 4642 qui
2114 4561 2272 4629 iustitiam

424 4663 492 4717 tuae
510 4653 674 4717 maiestati
690 4652 855 4718 subiectos
870 4674 930 4736 per
945 4655 1077 4718 unicum
1101 4653 1206 4719 filium
1229 4665 1323 4719 tuum
1375 4663 1443 4718 tuae
1472 4652 1554 4736 legis
1583 4655 1617 4717 in
1647 4655 1800 4719 cordibus
1833 4656 2036 4722 credentium
2073 4660 2177 4744 digito
2214 4673 2272 4729 tuo

424 4753 458 4816 in
474 4753 596 4817 uirtute
611 4754 717 4817 sancti
730 4755 863 4837 spiritus
875 4753 1015 4819 benedic
1027 4763 1060 4818 et
1073 4762 1219 4837 protege,
1230 4765 1267 4819 ut
1281 4755 1324 4818 ab
1376 4753 1498 4830 scribis,
1514 4753 1558 4816 da
1580 4753 1674 4817 nobis
1697 4754 1784 4832 fidei,
1800 4756 1878 4838 spei,
1895 4766 1928 4821 et
1948 4759 2093 4824 caritatis
2116 4781 2274 4844 augmen-

424 4852 516 4915 omni
531 4833 634 4917 hoste·
648 4853 753 4916 securi
776 4853 810 4915 in
835 4862 893 4916 tna
908 4852 1026 4934 iugiter
1042 4854 1140 4917 laude
1162 4853 1324 4919 laetentur.
1376 4861 1458 4931 tum,
1473 4860 1508 4917 et
1522 4861 1559 4917 ut
1575 4872 1758 4918 mereamur
1771 4855 1901 4939 assequi
1920 4858 2010 4938 quod
2032 4861 2199 4941 promittis
2220 4863 2272 4928 sac

424 4949 488 5014 Per
503 4951 646 5016 eundem
655 4949 676 5014 ².
1376 4972 1437 5016 nos
1451 4972 1563 5017 amare
1578 4954 1668 5036 quod
1683 4955 1831 5036 precipis.
1878 4954 1940 5018 Per
1954 4958 2134 5024 dominum.

459 5132 468 5162 ¹
484 5131 548 5182 This
560 5132 628 5182 Mass
639 5147 724 5182 occurs
735 5131 760 5181 in
772 5132 834 5182 Bod.
844 5131 886 5182 lol.
897 5131 942 5194 156
950 5149 973 5193 a,
984 5132 1011 5182 in
1021 5132 1054 5181 X.
1067 5133 1117 5182 and
1126 5133 1151 5183 in
1160 5149 1192 5183 an
1201 5133 1324 5185 eleventb-
1408 5130 1418 5161 ¹
1434 5131 1459 5181 S.
1471 5147 1495 5196 p.
1510 5131 1581 5196 79⁶*-

426 5219 528 5274 century
539 5209 605 5260 band
617 5216 643 5258 at
654 5208 697 5260 tbe
708 5209 755 5260 end
767 5209 797 5259 os
805 5208 836 5261 O.
860 5210 953 5260 Mutat.
964 5211 1016 5260 Le't.
1029 5211 1102 5263 Rom,
1110 5211 1136 5260 ii.
1144 5225 1169 5276 p.
1179 5211 1225 5275 382
1236 5228 1244 5273 ς
1258 5212 1290 5262 R.
1299 5229 1325 5279 p.
1408 5207 1419 5238 ²
1435 5209 1497 5258 This
1507 5208 1529 5258 is
1539 5224 1572 5259 an
1583 5209 1693 5260 instance
1703 5209 1733 5259 oi
1740 5208 1783 5260 the
1794 5211 1935 5261 occasional
1946 5213 2053 5264 sarvival
2063 5215 2093 5265 ol
2100 5217 2182 5268 Greek
2192 5221 2274 5272 words

425 5289 478 5338 xlii
490 5288 516 5338 S.
530 5303 555 5354 p.
570 5291 640 5352 735*.
1375 5289 1402 5338 in
1413 5288 1527 5337 Western
1540 5287 1673 5352 Litargies.
1705 5288 1761 5338 Tbe
1772 5289 1853 5339 whole
1870 5289 1899 5339 ol
1912 5290 1954 5341 the
1972 5291 2062 5344 Gloria
2077 5294 2103 5343 in
2121 5297 2231 5348 Excelsis
2247 5301 2274 5350 in

493 5365 639 5430 (Benedicta
649 5365 681 5416 sit
692 5371 784 5415 sancta
901 5365 1042 5417 Benedicite
1053 5367 1127 5417 deum
1138 5367 1194 5418 celi.
1376 5365 1457 5419 Greelr
1465 5365 1547 5416 words
1558 5366 1583 5416 in
1593 5365 1772 5432 hagio-Saron
1784 5367 1868 5418 letters
1880 5367 1901 5418 is
1911 5369 1988 5420 round
1997 5371 2022 5420 in
2033 5371 2169 5439 eTropary
2176 5377 2274 5429 written

493 5443 670 5494 Benedioamus
681 5451 784 5508 patrem.
900 5443 1048 5496 Benedictus
1059 5462 1092 5506 es,
1105 5445 1206 5497 domine
1217 5444 1284 5498 deus.
1376 5443 1401 5492 in
1420 5443 1463 5493 the
1483 5443 1552 5509 reign
1574 5444 1604 5493 ol
1619 5444 1740 5494 Ethelred
1760 5445 1787 5494 11
1808 5445 1972 5512 (979-1016).
2006 5449 2126 5500 Bodleian
2147 5451 2200 5504 MS.
2220 5466 2275 5522 775,

493 5519 639 5572 Benedictus
650 5536 683 5583 es,
695 5520 803 5572 domine.
901 5522 1072 5574 Benedicirnas
1082 5523 1157 5574 deum
1169 5522 1236 5589 celi).
1376 5523 1420 5573 iol.
1435 5533 1464 5584 72
1478 5538 1502 5572 a.
1536 5520 1582 5574 See
1599 5522 1684 5573 Galba
1700 5523 1731 5573 Α.
1749 5523 1816 5573 xviii.
1833 5524 1869 5573 ad
1874 5524 1966 5590 finem,
1985 5527 2057 5577 Harl.
2074 5527 2128 5580 MS.
2146 5531 2211 5597 5643
2228 5533 2274 5585 r'0L

459 5597 470 5628 ¹
485 5598 518 5649 X.
530 5612 554 5664 p.
567 5595 607 5662 67.
1376 5612 1408 5666 47
1417 5601 1442 5662 b,
1456 5607 1503 5652 etc.
1735 5600 1745 5632 ⁸
1761 5601 1897 5668 Compiled
1907 5603 1941 5668 by
1949 5604 2047 5667 Alcuin,
2060 5605 2086 5658 S.
2098 5623 2122 5673 p.
2135 5615 2208 5674 79⁰*·

1376 4037 1534 4092 creaturae
1549 4037 1740 4108 creatorem,
1761 4029 1887 4113 respice
1909 4033 2070 4115 propitius
2092 4056 2191 4119 super
2213 4055 2273 4099 nos
2378 4041 2382 4052 '
