5122 6610
445 586 516 662 170
648 649 652 660 ,
741 568 863 646 tinus
880 564 1041 660 mortar.
1601 560 1820 657 liturirnnurn
1836 563 2074 657 Qostolotun.

437 769 653 833 constitutum
675 766 817 850 apostoli
840 766 888 832 tui
911 765 1027 849 thome
1048 764 1262 831 confessionis
1285 785 1339 828 su·
1390 784 1450 848 per
1479 764 1551 828 haec
1581 772 1791 829 sacrosancta
1813 764 1972 847 mysteria
1993 785 2068 848 quae
2092 768 2291 851 sumpsimus

437 888 540 951 perna
557 867 803 950 dispensatione
820 864 947 950 largiris
959 888 968 946 ;
995 865 1045 930 Ut
1067 865 1101 929 in
1123 864 1262 929 ueritate
1280 873 1338 929 tua
1389 865 1532 947 apostoli
1555 864 1604 928 tui
1626 863 1743 946 thome
1764 864 1914 929 natalitia
1936 866 2092 930 continua
2113 869 2290 934 deuotione

437 966 629 1032 fundamine
643 965 794 1046 solidate,
810 966 901 1031 nulla
920 965 1085 1030 mortifere
1100 963 1253 1030 falsitatis
1268 966 1339 1029 iura
1390 963 1545 1040 uenerari,
1562 972 1597 1029 et
1619 963 1653 1026 in
1675 964 1745 1028 eius
1767 963 1910 1029 crebrius
1931 964 2092 1030 honorare
2113 967 2290 1051 principiis.

437 1065 651 1150 praeualeant.
692 1067 755 1130 Per
769 1086 870 1149 quem
886 1066 1094 1130 maiestatem
1106 1064 1128 1129 ¹.
1391 1062 1453 1126 Per
1468 1062 1652 1127 dominum.

733 1216 795 1282 Ad
812 1214 1040 1299 complendum.

481 1343 608 1408 Praesta
629 1342 733 1420 nobis,
753 1363 941 1426 quesumus,
960 1342 1093 1407 domine
1112 1341 1194 1406 deus
1217 1348 1337 1416 noster,

1720 1166 1783 1231 Ad
1793 1168 1958 1252 populum.

1435 1291 1613 1370 Consenra,
1643 1291 1787 1372 domine,
1813 1293 1973 1376 populum
1999 1303 2103 1371 tuum,
2131 1304 2165 1362 et
2190 1316 2289 1380 quem

1389 1400 1579 1456 sanctorum
1594 1401 1725 1456 tuorum
1744 1392 1895 1476 presidiis
1910 1413 1977 1458 non
1992 1393 2115 1458 desinis
2135 1397 2291 1462 adiuuare

437 1485 1339 1614 m
1390 1491 1558 1574 perpetuis
1581 1491 1697 1556 tribuae
1719 1493 1864 1576 gaudere
1886 1487 2049 1558 remediis.
2075 1495 2157 1559 ¹Per
2183 1496 2290 1560 dorni·

436 1633 656 1684 ecclesiam'tnam
674 1634 700 1682 in
722 1632 869 1698 apostolicis
886 1633 995 1682 tribuisti
1013 1632 1147 1683 consistere
1166 1629 1338 1680 fundamentis.
1391 1590 1502 1655 num¹.

437 1713 478 1762 De
488 1726 594 1776 quorum
605 1711 714 1776 collegio
720 1711 788 1761 beati
797 1711 884 1761 thoma
891 1710 1003 1761 solennia
1011 1710 1163 1761 celebrantes
1170 1715 1221 1770 tna,
1229 1707 1337 1769 domine,

436 1789 561 1856 preconia,
572 1805 622 1842 non
633 1795 743 1842 tacemus
755 1789 911 1855 (s⁰¹·137b)·
1715 1783 1724 1814 ¹
1741 1786 1770 1836 E.
1782 1801 1808 1851 p.
1818 1799 1879 1850 1⁵²³
1896 1801 1943 1837 om.
1956 1785 1983 1837 Z.

863 2489 1233 2592 [COMMUN
1244 2491 1288 2586 E
1343 2486 1863 2589 SANCTORUMl.

1073 2721 1189 2797 ibisne
1202 2723 1233 2787 tn
1247 2721 1462 2788 trstiuttattbus
1475 2725 1651 2788 sambram

457 2949 461 2960 .
712 2949 719 2966 ,
773 2949 780 2966 ,
916 2949 923 2966 ,
1176 2953 1184 2986 ¹
1435 2888 1671 2971 Defendatque
1685 2909 1745 2952 uos
1760 2908 1781 2952 a
1795 2888 1921 2953 cunctis
1934 2887 2091 2966 aduersis,
2102 2885 2292 2970 apostolicis

580 2948 622 3014 h
634 2949 739 3029 ΨΜ
752 2964 815 3015 ‘⁸¹²²
828 2949 923 3013 ”mh
935 2949 1026 3014 nm
1040 2951 1167 3032 mm
1188 2995 1196 3014 ·
1390 2990 1550 3072 presidiis,
1562 2988 1618 3073 qui
1633 3009 1693 3052 uos
1708 3009 1822 3052 eorum
1837 2987 1943 3053 uoluit
1954 2989 2062 3053 ornari
2078 2997 2112 3053 et
2127 2987 2290 3052 munerari

482 3080 679 3165 Quesumus‚
709 3081 921 3164 omnipotens
950 3081 1040 3163 deus,
1067 3092 1104 3147 ut
1134 3082 1252 3148 beatus
1282 3082 1339 3148 .ill.
1391 3090 1555 3173 exemplis
1570 3097 1604 3152 et
1619 3088 1835 3152 documentis.
1879 3087 2001 3153 Amen.
2087 3149 2090 3162 ,

438 3181 610 3266 apostolus
630 3192 724 3247 tuum
747 3201 807 3265 pro
828 3181 924 3247 nobis
939 3182 1093 3266 imploret
1112 3183 1284 3256 auxilium,
1301 3191 1338 3247 ut
1435 3187 1512 3272 Quo
1529 3209 1590 3272 per
1609 3208 1723 3252 eorum
1746 3187 2012 3253 intercessionem
2033 3186 2231 3272 perueniatis
2246 3187 2290 3251 ad

438 3304 459 3347 a
474 3284 593 3349 nostris
616 3283 761 3348 reatibus
782 3281 934 3362 absoluti,
948 3303 970 3348 a
985 3284 1111 3349 cunctis
1131 3283 1232 3349 etiam
1254 3283 1339 3367 peri·
1391 3304 1514 3354 aeterne
1523 3289 1639 3372 patriae
1648 3285 1877 3365 hereditatem,
1888 3308 1947 3372 per
1956 3307 2095 3372 quorum
2106 3287 2290 3352 doctrinam

438 3383 520 3447 culis
534 3402 704 3448 exuamur.
748 3381 836 3447 Per.t
1392 3389 1512 3452 tenetis
1528 3385 1604 3451 fidei
1620 3387 1854 3470 integritatem.
1897 3386 2021 3452 Arnen.

1436 3486 1538 3570 Quod
1554 3487 1624 3569 ipse
1639 3493 1786 3569 prestare
1801 3487 1955 3571 dignetur
1964 3485 1986 3548 ¹.

482 3685 687 3752 Sacrandum
703 3685 774 3762 tibi,
789 3685 933 3766 domine,
948 3706 1067 3750 munus
1082 3685 1257 3766 offerimus,
1272 3706 1338 3769 quo
1686 3648 1748 3715 Ad
1762 3649 1989 3734 mimum·

437 3785 528 3851 beati
546 3785 602 3853 .ill.
617 3785 758 3869 apostoli
774 3783 969 3870 sollempnia
984 3785 1167 3851 recolentes
1188 3785 1338 3869 purifica·
1434 3773 1611 3858 Perceptis,
1626 3775 1769 3856 domine,
1787 3776 2001 3842 sacramentis
2021 3774 2212 3858 suppliciter
2231 3793 2291 3838 ex-

438 3886 562 3949 tionem
593 3905 725 3969 quoque
761 3884 882 3950 nostris
920 3884 1085 3950 mentibus
1114 3885 1338 3969 imploramus.
1390 3892 1533 3950 Offimuss
1554 3883 1600 3952 ut,
1614 3873 1840 3940 intercedente
1861 3874 1961 3940 beato
1977 3873 2034 3941 dll·
2049 3871 2202 3958 apostolo
2222 3881 2291 3948 tuo,

439 3985 525 4049 Penr
1391 3992 1466 4055 quae
1488 3992 1549 4055 pro
1564 3972 1651 4037 illius
1666 3975 1853 4039 ueneranda
1867 3975 2011 4058 gerimus
2033 3972 2289 4057 sollempnitate,

804 4071 967 4156 Presatio.
1390 4072 1485 4136 nobis
1499 4072 1673 4157 proficiant
1687 4075 1731 4139 ad
1747 4074 1923 4140 medelam.
1966 4075 2054 4140 Pers

483 4195 527 4261 U.
539 4195 583 4259 D.
596 4178 718 4259 aeterne
729 4183 821 4261 deus.
867 4196 914 4262 Et
930 4195 1138 4262 maiestatem
1153 4205 1245 4260 tuam
1261 4215 1337 4278 sup·

438 4293 566 4378 pliciter
580 4289 719 4359 exorare
736 4303 774 4359 ut
795 4295 852 4379 qui
873 4295 963 4361 beati
980 4294 1035 4360 all.
1051 4294 1193 4379 apostoli
1215 4294 1337 4360 festum

439 4394 677 4479 sollempnibus
699 4415 894 4460 ueneramur
908 4395 1032 4472 officiis,
1049 4395 1136 4460 illius
1158 4395 1248 4478 apud
1267 4415 1337 4458 ma·

818 3559 959 3626 Secreta.

1720 4233 1782 4300 Ad
1793 4237 1957 4320 populum.

1432 4360 1528 4427 Beati
1557 4361 1614 4428 ‚ili
1644 4362 1787 4446 apostoli
1820 4362 2070 4447 supplicatione,
2100 4382 2288 4447 quesumus,

1389 4461 1532 4541 domine,
1546 4461 1641 4546 plebs
1662 4471 1720 4526 tua
1740 4458 2040 4552 benedictione[m]
2064 4461 2231 4546 percipiat,
2251 4472 2288 4526 ut

1390 4562 1433 4627 de
1459 4562 1528 4626 eius
1554 4562 1679 4626 meritis
1703 4572 1738 4627 et
1762 4563 1905 4629 fideliter
1925 4563 2092 4648 glorietur,
2110 4571 2144 4628 et
2167 4562 2287 4645 sempi-

1390 4661 1491 4726 ternis
1506 4661 1616 4729 ualeat
1634 4663 1804 4728 consortiis
1820 4663 1944 4730 sociata
1958 4662 2073 4729 laetari.
2113 4662 2198 4728 Ρεῐ.ν

439 4495 590 4560 iestatem
601 4503 737 4561 tuamet
748 4494 1085 4575 adiuuemurmeritis,
1096 4503 1129 4563 et
1140 4496 1338 4560 instruamur

439 4592 602 4679 exemplis
610 4591 633 4653 ²·
678 4593 740 4659 Per
754 4593 937 4660 christum*

789 4771 982 4837 Benedictis.

483 4896 586 4977 Deus,
601 4897 658 4981 qui
678 4917 737 4963 uos
760 4897 793 4961 in
813 4898 1003 4980 apostolicis
1024 4896 1139 4963 tribuit
1159 4899 1337 4963 consistere
1539 4883 1581 4949 ibt
1595 4885 1694 4950 natali
1707 4887 1897 4968 plutimmtm
1910 4888 2108 4970 apostolurum
2115 4892 2137 4950 ¹.

440 4993 674 5073 fundamentis,
707 4996 903 5062 benedicere
939 4997 1034 5062 uobis
1064 4997 1219 5081 dignetur
1248 4997 1336 5062 beati
1432 5017 1534 5098 Deus,
1564 5018 1621 5102 qui
1657 5038 1718 5083 „03
1752 5039 1861 5084 annua
1892 5020 2118 5106 apostolorum
2155 5029 2286 5085 tuorum

439 5097 582 5180 apostoli
597 5099 646 5162 sui
662 5095 719 5163 ,ili
734 5097 1012 5163 intercedentibus
1028 5097 1161 5162 meritis.
1199 5095 1324 5161 Amen.
1391 5116 1447 5184 λῃ.
1470 5118 1694 5184 sollemnitate
1714 5118 1871 5200 laetifioes‚
1892 5131 2227 5205 1‚,aesta,qu,3sun„,s¹
2249 5129 2287 5184 ut

474 5311 678 5375 ¹(Mibiautern.
947 5326 992 5366 zv,
1004 5313 1064 5365 Hoc
1074 5320 1272 5380 estpreceptnm.
1421 5308 1478 5361 ¹0.
1489 5325 1515 5376 p.
1528 5319 1584 5374 375.

497 5401 539 5441 ss.
551 5391 666 5442 lemnon
679 5392 745 5442 estis.
947 5404 990 5444 or.
1002 5393 1145 5443 constitues
1155 5408 1206 5442 eos.
1421 5387 1629 5451 ¹(Mibieutern.
1895 5403 1940 5442 nv.
1951 5392 2031 5442 Facta
2041 5398 2079 5442 est
2089 5389 2223 5443 contentio.

497 5479 543 5519 ort.
555 5469 584 5518 In
596 5478 802 5521 omnemterrnm.
946 5483 990 5524 co.
1002 5473 1058 5536 Ego
1069 5486 1114 5521 uos
1125 5471 1209 5536 elegi).
1446 5467 1615 5516 selamnon
1626 5465 1693 5516 estis.
1894 5477 1938 5518 os.
1951 5467 2200 5518 lnomnernterram.

497 5557 540 5597 nt..
552 5546 605 5597 Uos
617 5547 659 5612 qui
670 5548 756 5600 secuti.
1446 5558 1491 5596 ort.
1503 5545 1587 5595 Nimis
1596 5545 1713 5596 honorati
1724 5551 1787 5596 sunt.
1895 5557 1937 5596 ce.
1949 5545 2003 5597 Vos
2015 5545 2057 5610 qni
2069 5543 2167 5608 secuti).

472 5621 483 5650 ¹
498 5623 529 5673 ln
541 5639 557 5673 a
567 5624 630 5676 later
641 5623 722 5676 band:
740 5628 816 5693 Pras.
833 5627 883 5692 Qui
894 5626 1024 5679 ecclesiam
1035 5633 1104 5678 tuam
1115 5627 1140 5678 in
1152 5627 1304 5694 apostolicis.
1446 5635 1489 5679 At..
1501 5625 1532 5676 In
1543 5640 1642 5676 omnem
1654 5631 1753 5677 terram.
