5124 6608
811 553 912 648 ,θυῖε
938 557 980 629 ih.

444 577 490 645 92

826 755 967 821 Secreta.

1717 553 1824 628 sena
1847 554 1997 630 Remini.

1780 749 1931 818 Secreta.

488 880 655 948 Sacrificia
678 901 748 958 nos,
771 899 961 964 quesumus,
985 878 1128 957 domine,
1153 877 1347 962 propensius
1444 877 1583 944 Purifica
1606 898 1675 952 nos,
1700 878 1883 944 misericors
1904 878 1995 954 deus,
2011 888 2045 944 et
2065 880 2212 945 ecclesiae
2234 889 2301 946 tuae

443 982 507 1045 ista
521 990 717 1053 restaurent,
733 1000 809 1062 quae
833 978 1084 1044 medicinalibus
1104 987 1182 1043 sunt
1197 977 1348 1044 instituta
1400 1000 1522 1064 preces,
1546 1000 1621 1064 quae
1648 981 1709 1046 tibi
1731 989 1835 1064 gratae
1857 989 1944 1054 sunt,
1967 980 2022 1065 pia
2045 1001 2180 1047 munera
2210 983 2301 1048 dese-

442 1080 578 1145 ieiuniis.
624 1079 709 1145 Pers

806 1176 981 1259 Praefatio.

489 1305 532 1372 U.
548 1305 592 1371 D.
608 1325 668 1389 per
682 1305 842 1371 christum
858 1305 1031 1370 dominum
1047 1313 1209 1370 nostrum.
1244 1303 1348 1370 Cuius

443 1406 611 1472 salutifere
627 1405 789 1496 passionis
804 1414 839 1471 et
853 1405 1006 1490 gloriosae
1022 1405 1266 1470 resurrectionis
1277 1405 1348 1470 dies
1401 1454 1409 1469 .

444 1505 710 1590 adpropinquare
722 1515 908 1584 noscuntur,
916 1505 949 1568 in
958 1503 1078 1588 quibus
1090 1511 1124 1568 et
1134 1504 1262 1587 antiqui
1271 1503 1348 1570 hos·
1401 1555 1409 1572 .
1434 1555 1456 1618 d
1477 1555 1527 1619 Μ
1622 1556 1644 1620 d
1787 1554 1898 1621 κς.
2051 1555 2173 1620 dscta

444 1608 487 1670 tis
503 1605 657 1690 superbia
672 1605 904 1688 triumphatur,
920 1613 954 1669 et
976 1614 1097 1669 nostrae
1112 1604 1348 1688 redemptionis
1400 1575 1433 1618 ¹¹¹
1459 1576 1477 1619 e
1501 1575 1620 1620 “⁶⁰¹¹
1647 1575 1818 1638 empnam
1868 1575 2040 1620 umsmors
2076 1576 2117 1619 ει
2188 1567 2300 1622 ”mm

445 1705 641 1788 mysterium
676 1704 869 1770 celebratur.
920 1703 1023 1770 Unde
1052 1704 1219 1786 poscimus
1256 1715 1347 1770 tuam

444 1807 630 1870 inmensam
652 1804 873 1882 clementiam,
889 1812 926 1869 ut
949 1804 1035 1868 sicut
1057 1805 1090 1867 in
1113 1823 1153 1868 eo
1175 1804 1247 1868 solo
1269 1823 1347 1868 con-

443 1905 532 1971 sistit
561 1905 665 1970 totius
690 1912 812 1969 nostrae
838 1903 1030 1969 saluationis
1055 1923 1193 1979 summa,
1217 1904 1264 1967 ita
1289 1924 1349 1985 per

443 2025 519 2069 eum
547 2004 608 2069 tibi
635 2003 679 2069 sit
709 2004 914 2080 ieiuniorum,
941 2013 976 2070 et
1000 2012 1134 2068 actuum
1161 2011 1348 2067 nostrorum
1714 2054 1721 2068 .
2201 2055 2210 2072 .

1259 2101 1324 2166 m¹.
1399 2064 1553 2138 acceptes
1581 2054 1824 2120 confessionem
1853 2066 2041 2121 nostrorum
2063 2075 2300 2139 peccaminum,

443 2124 576 2188 semper
590 2104 725 2168 uictima
739 2111 844 2186 grata.
889 2104 952 2168 Per
966 2122 1067 2185 quem
1084 2103 1257 2167 maiestate

744 2292 806 2357 Ad
823 2292 1052 2376 complendum.

489 2416 813 2484 Sanctificationibus
845 2417 920 2496 tuis,
949 2415 1161 2500 omnipotens
1189 2417 1281 2495 deus,

444 2618 652 2700 proueniant.
697 2617 782 2682 Pers

777 2793 839 2858 Ad
850 2793 1013 2877 populum.

488 2919 564 2983 Tua
591 2939 652 2984 nos
674 2918 904 2998 misericordia,
920 2920 1012 2998 deus,
1034 2926 1069 2983 et
1090 2919 1135 2983 ab
1157 2918 1247 2982 omni
1269 2917 1346 2981 sub-

1401 1090 1519 1160 rentes,
1534 1079 1617 1145 fiant
1633 1081 1777 1164 expiatis
1792 1081 1958 1146 mentibus
1972 1080 2142 1166 gratiores.
2190 1083 2275 1149 Pers

1765 1228 1938 1311 Proesatio.

1445 1355 1489 1422 U.
1505 1355 1547 1421 D.
1567 1375 1626 1438 per
1648 1355 1808 1421 christum
1832 1355 2005 1420 dominum
2030 1366 2188 1421 nostmm.
2232 1355 2300 1441 Qui

1401 1475 1557 1520 innocens
1578 1475 1639 1539 pro
1662 1455 1772 1539 impiis
1794 1455 1899 1521 uoluit
1913 1455 1992 1538 pati,
2008 1463 2043 1520 et
2058 1475 2118 1538 pro
2133 1456 2301 1523 sceleratis

1400 1655 1548 1731 detersit,
1564 1663 1598 1719 et
1621 1655 1814 1721 resurrectio
1830 1653 2099 1720 iustificationem
2121 1655 2218 1721 nobis
2239 1677 2300 1721 ex·

1399 1753 1516 1820 hibuit.
1562 1755 1624 1819 Per
1639 1775 1738 1838 quem
1755 1764 1848 1820 tuam
1863 1757 2023 1840 pietatem
2038 1755 2203 1839 supplices
2217 1777 2301 1822 exo·

1400 1873 1520 1930 ramus,
1544 1864 1581 1918 ut
1607 1855 1653 1919 sic
1684 1873 1744 1919 nos
1773 1855 1873 1920 hodie
1902 1875 1923 1919 a
1952 1854 2097 1939 peccatis
2126 1857 2300 1936 emacules,

1401 1965 1438 2019 ut
1452 1973 1524 2019 cras
1542 1954 1739 2018 uenerabilis
1759 1975 1851 2039 caene
1870 1954 2012 2039 dapibus
2032 1955 2141 2020 saties.
2187 1955 2301 2021 Hodie

1400 2164 1434 2219 et
1449 2174 1521 2219 cras
1536 2153 1661 2220 tribuas
1683 2155 1880 2236 spiritalium
1903 2156 2104 2220 incrementa
2126 2155 2300 2221 donorum.

1402 2252 1515 2318 Hodie
1538 2253 1732 2318 ieiuniorum
1754 2264 1942 2319 nostrorum
1966 2263 2046 2318 uota
2070 2255 2239 2338 suscipias,
2265 2265 2301 2320 et

1400 2373 1471 2416 cras
1489 2372 1549 2417 nos
1571 2354 1613 2417 ad
1637 2353 1857 2437 sacratissime
1872 2373 1965 2437 caene
1986 2353 2176 2419 conuiuium
2198 2354 2302 2419 intro·

469 2517 504 2532 ..
1045 2519 1051 2531 ,
1172 2516 1180 2531 ,
1311 2423 1346 2480 et
1400 2453 1512 2519 ducas.
1553 2454 1617 2517 Per
1631 2472 1732 2536 quem
1742 2453 1764 2518 ¹.

445 2526 526 2581 urtra
551 2528 663 2582 nostra
688 2527 849 2597 curentur,
871 2526 906 2582 et
929 2517 1074 2582 remedia
1104 2516 1199 2581 nobis
1222 2525 1346 2580 aetema

1694 2607 1757 2671 Ad
1773 2607 2003 2692 complendum.

1442 2731 1580 2818 Largire
1601 2733 1751 2798 sensibus
1773 2734 1901 2812 nostris,
1921 2734 2134 2818 omnipotens
2156 2736 2247 2816 deus,
2263 2745 2300 2801 ut

1398 2852 1458 2916 per
1472 2831 1690 2916 temporalem
1706 2832 1765 2896 filii
1789 2835 1838 2899 tui
1857 2843 2009 2912 mortem,
2025 2854 2126 2917 quam
2143 2835 2300 2918 mysteria

1399 2933 1589 2997 ueneranda
1617 2941 1790 3010 testantur,
1817 2934 1921 2998 uitam
1948 2933 2044 2998 nobis
2072 2934 2206 2999 dedisse
2227 2955 2300 3018 per-

444 3021 594 3103 reptione
616 3018 791 3082 uetustatis
813 3027 985 3102 expurget,
1006 3029 1040 3083 et
1062 3038 1200 3102 capaces
1223 3027 1346 3082 sanctae
1399 3041 1536 3117 petuam
1552 3031 1767 3098 confidamus,
1813 3033 1876 3097 Per
1889 3034 2033 3098 eundem
2049 3034 2245 3098 dominum

446 3119 603 3184 nouitatis
618 3118 747 3184 efficiat.
793 3118 855 3184 Per
868 3119 1042 3183 dominum
1059 3127 1232 3183 nostrum.t

808 3389 898 3480 rina
914 3409 979 3473 ure
1024 3419 1029 3432 ·

607 3551 670 3617 Ad
687 3562 834 3619 sanctam
855 3553 1000 3620 mariam
1021 3552 1186 3618 mar'orem.

491 3678 625 3754 Praesta,
648 3699 835 3763 quesumus,
860 3679 1072 3763 omnipotens
1100 3680 1193 3756 deus,
1223 3689 1261 3743 ut
1289 3677 1346 3762 qui

447 3777 568 3842 nostris
584 3778 775 3844 excessibus
790 3778 991 3844 incessanter
1005 3777 1187 3863 affligimur,
1201 3799 1261 3862 per
1275 3779 1346 3842 uni·

446 3875 550 3960 geniti
579 3879 627 3942 tui
661 3879 852 3962 passionem
888 3879 1074 3944 liberemur.
1133 3877 1200 3962 Qui
1234 3889 1344 3944 tecum

447 3977 538 4042 uiuit.

851 4078 943 4145 Alia.

491 4201 593 4274 Deus,
610 4201 667 4285 qui
683 4222 743 4286 pro
759 4201 855 4267 nobis
869 4202 973 4268 filium
985 4213 1082 4269 tuum
1098 4203 1202 4268 crucis
1215 4204 1346 4286 patibu-

1729 3186 1791 3251 Ad
1801 3186 1970 3270 populum.

1443 3314 1596 3399 Respice,
1612 3313 1756 3392 domine,
1772 3335 1961 3398 quesumus,
1978 3333 2077 3397 super
2098 3313 2184 3379 hanc
2204 3313 2299 3379 sami-

1399 3415 1477 3480 liam
1493 3423 1597 3487 tuam,
1612 3434 1673 3496 pro
1687 3436 1755 3498 qua
1777 3415 1932 3479 dominus
1947 3423 2060 3479 noster
2073 3413 2184 3478 ihesus
2199 3414 2300 3480 chris·

1398 3525 1452 3579 tus
1479 3533 1545 3578 non
1571 3513 1738 3578 dubitauit
1760 3514 1912 3578 manibus
1935 3514 2021 3579 tradi
2045 3514 2243 3592 nocentium,
2265 3525 2300 3579 et

1399 3615 1502 3679 crucis
1516 3613 1626 3678 subire
1640 3621 1855 3678 tormentum.
1898 3611 1966 3696 Qui
1982 3621 2117 3678 tecumr

1589 3865 1680 3938 linia
1694 3867 1723 3930 t.
1744 3882 1806 3947 qna
1826 3871 1872 3931 rst
1892 3883 1962 3930 raenr
1981 3865 2092 3930 tustini
2100 3864 2122 3929 ¹.

1399 4000 1628 4065 Proesentatur
1632 4001 1792 4094 penitens
1808 4000 1844 4065 in
1859 4000 1990 4084 gremio
2010 4000 2139 4080 ecclesie,
2160 4009 2194 4064 et
2204 4009 2299 4082 pros-

1443 4108 1529 4164 trato
1557 4098 1648 4163 omni
1681 4109 1807 4183 corpore
1842 4103 1878 4166 in
1909 4111 2008 4179 terra,
2037 4099 2099 4167 dat
2124 4099 2300 4165 oratr'onem

1441 4197 1587 4264 sacerdos
1601 4197 1649 4264 ad
1661 4200 1927 4265 reconciliandum
1943 4201 2001 4266 ita.

447 4301 517 4366 lum
533 4300 642 4365 subire
665 4301 806 4378 uoluisti,
823 4311 861 4367 ut
876 4303 997 4367 inimici
1012 4325 1034 4367 a
1049 4302 1143 4367 nobis
1163 4302 1348 4386 expelleres
1442 4322 1509 4389 An,
1529 4322 1597 4389 00,
1611 4326 1773 4390 mundum
1793 4345 1867 4391 crea
1890 4326 1924 4390 in
1943 4347 2007 4406 me,
2020 4326 2125 4404 deus3
2148 4324 2300 4408 spiritum

447 4409 658 4484 potestatem,
673 4403 818 4466 concede
833 4402 929 4466 nobis
944 4401 1075 4467 famulis
1096 4402 1162 4467 tuis
1184 4411 1221 4467 ut
1244 4422 1348 4467 resur·

449 4502 602 4566 rectionis
619 4503 762 4586 gratiam
777 4523 1026 4588 consequamur.
1072 4504 1134 4568 Per
1149 4506 1315 4570 eundem.t

481 4727 490 4757 ¹
506 4727 539 4779 0.
550 4742 576 4792 p.
588 4727 685 4790 311.Z.

481 4803 493 4836 ¹
507 4816 535 4856 Α.
546 4805 684 4855 Iunomiue
692 4804 876 4856 domiuiomue.

506 4895 544 4933 rs.
556 4883 673 4941 Domine,
685 4883 775 4934 exaudi
784 4884 876 4936 oratio·

579 4976 644 5011 uem.

507 5051 533 5089 ι.
545 5038 586 5089 Ne
597 5044 695 5090 auersas
706 5039 804 5090 faciem.
871 5065 874 5072 ⁴

508 5128 534 5166 v.
545 5117 647 5168 Saluum
659 5132 700 5166 me
713 5117 760 5178 lae,
773 5118 840 5169 deus.

507 5207 552 5246 rx
564 5195 682 5258 Domine,
687 5196 778 5247 exaudi
785 5197 877 5248 oratio·

581 5288 646 5326 nem.

507 5361 535 5400 v.
547 5350 588 5400 Ne
598 5357 698 5402 ruerus
708 5350 806 5404 faciem.

508 5429 578 5478 v.1n
590 5445 734 5495 quacunque
745 5430 794 5484 die.
871 5421 877 5428 ’
893 5429 894 5434 ’

508 5516 537 5555 v.
548 5505 614 5569 Quia
624 5507 773 5558 deiecerunt.

509 5592 537 5636 v.
548 5582 588 5633 Tu
599 5599 726 5650 exurgens,
735 5585 842 5638 domiue.

961 4817 989 4855 v.
1000 4805 1134 4856 Percussus
1144 4822 1198 4857 sum
1210 4807 1282 4860 sicut.

1034 4978 1099 5014 nem.

1034 5118 1103 5170 fletu.

1067 5430 1142 5494 mine,
1154 5432 1210 5496 quis
1224 5431 1336 5483 credidit.

1083 5587 1148 5654 on).

961 4895 1005 4936 οἳ.
1018 4884 1134 4946 Domine,
1147 4885 1237 4936 modi
1255 4886 1347 4938 oratio·

961 5050 1028 5090 cont.
1059 5041 1153 5090 Potum
1179 5057 1263 5092 meum
1290 5056 1347 5093 curu

963 5199 1034 5262 (ure.
1063 5196 1120 5264 Hes
1148 5197 1210 5247 dicit
1231 5197 1347 5250 domiuus

1034 5275 1102 5338 deur,
1115 5275 1200 5326 Dicite
1211 5275 1261 5343 filie
1276 5292 1346 5340 syon.

1001 5364 1078 5404 amn.
1102 5352 1175 5403 Dixit
1192 5355 1274 5412 isaias,
1293 5355 1345 5405 Do·

1018 5520 1117 5559 Passlo.
1153 5509 1348 5577 Appropiuquu·

1401 4434 1525 4488 rectum
1542 4423 1664 4488 innoua
1678 4425 1712 4488 in
1727 4425 1917 4491 uisceribus.

1443 4521 1502 4588 Ps.
1527 4522 1685 4588 Miserere
1701 4525 1775 4604 mei,
1790 4526 1883 4603 deus,
1897 4533 1931 4589 et
1942 4522 2034 4607 kyrie
2046 4522 2177 4606 eleyson.

1524 4621 1624 4686 Pater
1637 4632 1759 4688 noster.

1453 4719 1490 4786 V.
1523 4720 1664 4787 Saluum
1680 4718 1746 4808 (os)
1761 4723 1812 4788 fac
1827 4743 1959 4788 seruum
1975 4719 2041 4810 (os)
2057 4732 2161 4789 tuum.

1517 4818 1729 4899 Conuertere,
1745 4823 1889 4899 domine,
1905 4823 2122 4906 aliquantum.

1517 4919 1634 4987 Mittat
1657 4922 1719 4987 tibi
1746 4919 1868 5009 (uobis)
1894 4923 2048 4988 dominus
2070 4921 2231 4987 auxilium
2257 4924 2301 4990 de

1559 5031 1685 5087 sancto.

1517 5120 1661 5186 Inlustra
1683 5121 1800 5187 faciem
1825 5131 1920 5188 tuam
1949 5142 2048 5206 super
2071 5143 2204 5187 seruum
2230 5117 2300 5210 (os)

1556 5229 1651 5285 tuum
1666 5217 1742 5306 (os).

1430 5433 1440 5464 l

1432 5513 1442 5543 ¹
1457 5433 1701 5566 ξ’ὴζοὸῐιᾱιοεξοωε
1710 5513 1735 5564 in
1747 5513 1780 5566 V.
1791 5529 1817 5579 p.
1830 5528 1885 5566 210.
1918 5514 2049 5566 Asimilar
2063 5515 2134 5567 office
2149 5514 2170 5565 is
2185 5515 2264 5566 found
2275 5515 2301 5565 iu

1369 5587 1370 5592 ’
1399 5593 1424 5646 S.
1435 5609 1460 5659 p.
1474 5605 1529 5659 295,
1542 5592 1573 5644 R.
1584 5591 1678 5646 Pontii.
1690 5591 1760 5645 Ordo
1771 5593 1844 5645 Rom.
1855 5593 1924 5645 Edit.
1937 5592 2052 5660 Hittorp.
2065 5593 2136 5657 1⁶24,
2149 5609 2174 5662 p.
2186 5595 2227 5658 58.
