5148 6612
585 589 836 666 irmbutum.

301 793 401 869 Deus,
417 790 470 855 dei
486 789 583 867 lilius,
598 790 654 874 qui
673 790 773 855 hodie
791 812 812 856 a
834 791 972 856 mortuis
993 805 1162 877 resurgere

257 893 487 976 dignatusest,
503 890 698 955 misereatur
713 890 827 954 nostri.
873 889 998 956 Amen.

586 1061 635 1127 wa
657 1062 834 1127 ostensione.

299 1197 398 1272 Deus,
427 1198 481 1262 dei
508 1194 604 1272 lilius,
631 1197 688 1280 qui
714 1195 876 1261 hodierna
903 1197 958 1261 die
984 1197 1084 1262 caelos
1109 1218 1161 1262 as-

255 1297 374 1373 cendit,
405 1297 599 1361 misereatur
630 1297 735 1360 nostri
772 1315 859 1361 nunc
896 1307 931 1362 et
969 1297 1002 1360 in
1040 1296 1160 1362 secula.

254 1395 377 1460 Amen.

579 1491 628 1556 br
649 1496 844 1573 pentecosten.

298 1625 399 1700 Deus,
427 1625 482 1688 dei
512 1624 607 1698 filius,
632 1625 689 1707 qui
718 1623 880 1689 hodierna
909 1625 963 1688 die
990 1623 1160 1708 discipulis

254 1725 321 1788 suis
349 1733 500 1789 sanctum
532 1723 621 1788 misit
651 1725 812 1808 spiritum,
843 1733 957 1788 nostra
988 1723 1160 1790 inlustrare

255 1824 409 1906 dignetur
430 1824 540 1888 corda.
584 1822 709 1887 Amen.

539 1996 589 2060 br
610 2001 739 2061 eburata
756 1997 875 2061 bomini.

299 2129 400 2203 Deus,
422 2129 476 2193 dei
498 2129 595 2206 filius,
612 2150 713 2212 quem
736 2140 913 2194 uenturum
936 2130 1084 2206 colimus,
1101 2132 1159 2196 det

256 2229 348 2294 nobis
364 2231 495 2294 ueniam
510 2239 697 2294 nostrorum
714 2228 921 2294 delictorum.
965 2229 1089 2294 Amen.

549 2400 719 2467 nuntiante
738 2402 851 2466 uirtus.

296 2533 352 2596 Ab
367 2535 458 2598 omni
480 2533 568 2599 malo
583 2535 741 2600 defendat
757 2555 817 2600 nos
833 2536 997 2601 dominus.
1034 2534 1157 2600 Amen.

295 2631 331 2696 A
365 2634 491 2698 cunctis
529 2633 625 2699 malis
664 2635 914 2700 imminentibus
946 2635 1066 2700 liberet
1097 2655 1157 2699 nos

255 2731 414 2796 dominus.
458 2732 582 2798 Amen.

295 2831 329 2895 A
344 2842 450 2896 morte
465 2833 611 2897 secunda
626 2833 743 2916 eripiat
759 2854 820 2897 nos
836 2833 1001 2898 dominus.
1032 2832 1156 2897 Amen.

295 2931 418 2995 Diuina
433 2931 589 2997 maiestas
604 2952 665 2996 nos
682 2941 821 2997 tueatur.
848 2932 972 2997 Amen.

295 3030 394 3109 Deus,
402 3033 455 3096 dei
468 3030 562 3108 lilius,
568 3053 629 3096 nos
640 3033 836 3098 benedicere
847 3034 1013 3113 dignetur.
1029 3033 1154 3097 Amen.

295 3131 416 3196 Diuina
430 3133 536 3214 gratia
553 3152 614 3197 nos
629 3133 815 3196 benedicat.
846 3131 969 3196 Amen.

295 3229 346 3294 De
375 3233 455 3296 sede
485 3242 600 3296 sancta
631 3253 690 3296 sua
723 3233 862 3315 aspiciat
898 3251 958 3295 nos
989 3231 1154 3295 dominus.

254 3327 372 3392 Amen.

294 3427 583 3493 Benedictionibus
621 3431 688 3493 suis
726 3428 852 3514 repleat
890 3450 950 3493 nos
988 3429 1152 3493 dominus.

253 3525 372 3592 Amen.

295 3625 433 3692 Creator
448 3627 596 3691 omnium
613 3648 673 3692 nos
688 3628 873 3693 benedicat·
918 3626 1041 3693 Amen.

295 3723 415 3791 Custos
427 3729 576 3791 omnium
589 3727 753 3791 custodiat
766 3747 826 3791 nos
838 3726 989 3792 christus·
1015 3725 1138 3791 Amen.

295 3823 370 3908 Ipse
386 3846 446 3890 nos
461 3825 637 3890 benedicat
653 3827 708 3909 qui
725 3847 785 3890 nos
801 3828 934 3890 creauit.
979 3825 1103 3891 Amen.

295 3924 452 4009 Protegat
485 3945 599 3989 seruos
631 3946 708 3990 suos
746 3926 956 4010 omnipotens
990 3926 1154 3990 dominus.

254 4021 372 4087 Amen.

296 4121 438 4205 Spiritus
475 4131 608 4186 sanctus
645 4130 758 4186 nostra
796 4121 970 4187 inlustrare
999 4123 1155 4205 dignetur

253 4222 359 4285 corda·
443 4294 447 4303 1

295 4318 436 4404 Spiritus
458 4329 590 4384 sanctus
613 4321 741 4404 aperiat
763 4321 858 4384 nobis
880 4341 1013 4385 sensum
1036 4322 1153 4386 cordis.

253 4418 373 4483 Amen.

292 4517 438 4583 Trinitas
453 4526 568 4584 sancta
587 4538 647 4582 nos
662 4517 848 4582 benedicat.

294 4617 408 4683 Saluet
429 4628 464 4682 et
485 4617 661 4682 benedicat
683 4637 743 4681 nos
764 4619 973 4701 omnipotens
989 4618 1153 4682 dominus.

252 4714 370 4781 Amen.

293 4815 332 4878 In
354 4837 415 4880 suo
437 4826 552 4879 sancto
572 4815 707 4878 seruitio
728 4812 892 4880 confortet
914 4835 974 4879 nos
990 4815 1153 4879 dominus.

293 4914 332 4977 In
362 4923 477 4979 sancta
506 4914 664 4997 religione
694 4923 868 4979 conseruet
898 4933 959 4978 nos
989 4915 1153 4979 dominus.

251 5010 370 5078 Arnen.

292 5110 384 5176 Deus
414 5111 608 5177 misereatur
637 5113 751 5190 nostri,
780 5121 814 5176 et
844 5111 1020 5177 benedicat
1046 5111 1151 5177 nobis.

251 5208 368 5276 Amen.

424 5306 698 5372 ttommmbattonrs
718 5313 787 5389 post
806 5313 972 5372 arnonus.

292 5439 520 5506 Intercedente
548 5461 609 5524 pro
638 5441 735 5505 nobis
764 5449 880 5506 sancta
910 5441 964 5506 dei
993 5441 1150 5524 genitrice

251 5541 357 5616 maria,
387 5539 566 5606 auxilietur
603 5539 698 5604 nobis
734 5540 946 5624 omnipotens
983 5541 1147 5605 dominus.

249 5636 365 5703 Amen.

1539 595 1788 686 tumulatus.
2094 601 2116 668 t

1259 794 1320 859 Per
1335 796 1601 862 intercessionem
1617 807 1742 864 sanctae
1757 799 1810 862 dei
1825 799 1999 882 genetricis
2014 801 2119 884 marie

1214 892 1247 957 in
1278 916 1337 959 suo
1367 905 1481 960 sancto
1511 898 1646 961 seruitio
1672 897 1835 963 confortet
1865 919 1925 963 nos
1952 899 2116 966 dominus.

1213 991 1335 1057 Amen.

1257 1093 1336 1157 Rex
1368 1113 1491 1178 regum,
1524 1104 1557 1158 et
1593 1095 1748 1159 dominus
1784 1067 2038 1173 dominantium,
2073 1101 2117 1164 da

1213 1212 1329 1275 pacem
1357 1193 1390 1257 in
1419 1193 1537 1258 diebus
1563 1195 1691 1273 nostris,
1715 1196 1926 1279 omnipotens
1950 1197 2115 1262 dominus.

1213 1291 1334 1356 Amen.

1256 1391 1349 1456 Deus
1375 1391 1594 1476 omnipotens,
1617 1404 1731 1458 sancta
1754 1394 1894 1471 trinitas,
1922 1395 2117 1462 misereatur

1213 1493 1323 1570 nostri,
1339 1512 1416 1575 quae
1434 1491 1517 1556 uiuit
1532 1492 1565 1555 in
1582 1491 1692 1558 secula
1707 1493 1902 1560 seculorum.
1947 1493 2070 1567 Amen.

1525 1683 1575 1747 br
1596 1686 1802 1766 apostolorum.

1257 1815 1541 1881 Intercedentibus
1560 1836 1619 1900 pro
1643 1815 1738 1881 nobis
1761 1817 1873 1882 christi
1888 1819 2114 1903 apostolorum

1213 1917 1345 1995 meritis,
1362 1925 1530 1981 succurrat
1545 1915 1640 1982 nobis
1656 1916 1868 2001 omnipotens
1882 1919 2045 1986 dominus.

1530 2103 1579 2168 br
1598 2104 1785 2185 nattpnbus.

1256 2238 1541 2306 Intercedentibus
1571 2259 1631 2322 pro
1661 2237 1757 2302 nobis
1786 2237 1899 2303 christi
1931 2249 2113 2323 martyrum

1211 2340 1345 2417 meritis
1354 2339 1548 2403 misereatur
1562 2336 1666 2401 nostri
1681 2337 1892 2420 omnipotens
1907 2339 2072 2403 dominus.

1514 2523 1564 2588 br
1579 2523 1804 2587 confessoribus.

1254 2658 1540 2725 Intercedentibus
1562 2676 1622 2740 pro
1642 2656 1736 2720 nobis
1754 2656 1866 2720 christi
1888 2657 2113 2728 confessorum

1208 2760 1342 2836 meritis,
1359 2758 1518 2823 exaudiat
1533 2778 1594 2821 nos
1609 2757 1821 2839 omnipotens
1838 2757 2003 2823 dominus.

1484 2940 1533 3005 bt
1554 2940 1687 3003 omnbus
1708 2939 1830 3002 sanctis.

1252 3075 1412 3141 Omnium
1433 3083 1622 3140 sanctorum
1640 3093 1775 3136 suorum
1795 3073 1919 3139 meritis
1941 3084 2035 3139 eruat
2050 3097 2111 3140 nos

1206 3176 1361 3240 dominus
1376 3197 1396 3240 a
1412 3174 1516 3238 malis.
1553 3172 1676 3236 Amen.

1252 3273 1389 3340 Cunctis
1432 3295 1493 3358 pro
1535 3273 1632 3337 nobis
1673 3270 1951 3336 intercedentibus
1987 3277 2111 3339 sanctis

1206 3374 1350 3438 saluator
1373 3374 1488 3439 mundi
1511 3373 1703 3436 misereatur
1724 3370 1835 3435 nostri.
1879 3369 2003 3436 Amem

1250 3473 1382 3538 Sanctis
1396 3471 1683 3543 intercedentibus,
1697 3469 1825 3546 christe,
1835 3477 1968 3534 tuorum
1984 3471 2108 3550 electis,

1154 3561 1157 3568 ’
1206 3593 1357 3639 succurre
1372 3574 1475 3647 nobis,
1492 3571 1703 3654 omnipotens
1717 3569 1860 3633 domine.
1896 3569 2019 3635 Amen.

1470 3754 1635 3821 &castinio
1657 3759 1723 3817 aab
1743 3753 1844 3819 cibum

1251 3890 1353 3966 Deus,
1378 3893 1434 3975 qui
1465 3911 1526 3955 nos
1551 3889 1594 3954 ad
1625 3885 1756 3951 delitias
1786 3888 1950 3972 spiritales
1977 3914 2110 3977 semper

1207 3991 1337 4066 inuitas,
1354 3993 1398 4056 da
1415 3989 1681 4055 benedictionem
1703 4007 1803 4070 super
1824 3990 1914 4056 dona
1928 4000 1994 4070 tua,
2010 4003 2047 4058 ut
2070 4015 2108 4058 ea

1206 4112 1281 4173 quae
1297 4094 1330 4155 in
1345 4102 1403 4156 tuo
1421 4093 1554 4156 nomine
1574 4095 1651 4155 sunt
1668 4089 1798 4152 edenda
1814 4092 2019 4158 sanctificata
2034 4114 2108 4177 per·

1206 4191 1313 4274 cipere
1333 4211 1526 4256 mereamur.
1572 4195 1643 4260 Per.

1610 4344 1702 4411 Alia.

1250 4453 1404 4532 Benedic,
1425 4456 1570 4531 domine,
1593 4458 1682 4523 dona
1703 4466 1771 4534 tua,
1795 4478 1870 4541 quae
1893 4457 1937 4521 de
1958 4464 2015 4519 tua
2044 4452 2106 4517 lar-

1205 4553 1310 4636 gitate
1332 4575 1445 4619 sumus
1467 4558 1639 4640 sumpturi.
1685 4558 1756 4623 Per.

1611 4706 1703 4772 Alia.

1250 4813 1391 4898 Protege
1405 4837 1473 4896 nos,
1489 4818 1624 4883 domine
1639 4819 1722 4883 deus
1745 4825 1865 4892 noster,
1882 4824 1916 4878 et
1938 4812 2104 4896 fragilitati

1204 4923 1324 4978 nostrae
1341 4917 1558 4984 necessariam
1574 4917 1677 5002 prebe
1692 4915 1923 4982 substantiam.
1969 4912 2040 4976 Per.

1610 5068 1702 5132 Alia.

1247 5177 1360 5243 Refice
1387 5199 1457 5256 nos,
1480 5178 1623 5256 domine,
1647 5178 1744 5243 donis
1766 5177 1840 5256 tuis,
1864 5188 1898 5243 et
1924 5174 2103 5262 opulentiae

1202 5285 1269 5341 tuae
1284 5277 1437 5362 largitate
1452 5287 1610 5344 sustenta.
1656 5278 1728 5342 Per.

1608 5427 1699 5491 Alia.

1243 5538 1318 5603 Tua
1341 5559 1409 5617 nos,
1424 5537 1567 5613 domine,
1584 5539 1673 5603 dona
1691 5535 1849 5612 reficiant,
1865 5546 1900 5602 et
1917 5544 1975 5603 tua
1996 5537 2103 5620 gratia

1199 5639 1398 5704 consoletur.
1442 5638 1514 5702 Per.
