5116 6608
511 579 569 654 Bt
593 579 678 654 total
700 578 803 656 ttltsti
827 581 947 655 uhmtt.

318 779 525 857 Percipientes,
554 779 684 851 domine,
712 797 837 840 munera
866 780 966 842 salutis
1001 791 1116 860 aeterne,
1146 793 1174 845 te

273 875 419 954 supplices
445 893 603 936 exoramus
630 885 661 934 ut
689 875 830 954 templum
858 876 916 937 hoc
941 895 959 938 a
983 877 1175 940 barbarorum

273 970 501 1047 inquinamentis
526 970 718 1030 emundatum
747 981 796 1030 tua
823 971 1028 1032 benedictione
1056 983 1176 1034 maneat

273 1064 494 1134 sanctificatum,
509 1075 538 1124 et
557 1075 678 1142 pectora
698 1075 799 1125 nostra
819 1067 856 1125 ab
879 1068 960 1126 omni
984 1067 1070 1127 sorde
1089 1069 1176 1129 uitio·

272 1177 338 1218 mm
352 1158 478 1218 alienata
491 1160 602 1238 tibique
617 1159 726 1219 deuota
740 1179 857 1237 semper
871 1162 1007 1221 existant.
1049 1162 1113 1222 Per.

462 1405 574 1480 fflissa
593 1408 628 1469 bt
649 1407 728 1470 amnt
747 1409 845 1473 rrlrsti
864 1409 984 1474 uittutt.

314 1554 421 1629 Sancte
442 1553 490 1614 dei
511 1552 658 1630 genitricis
679 1553 780 1630 marie,
797 1574 832 1614 ac
854 1558 1004 1616 beatarum
1025 1556 1175 1617 celestium

272 1650 420 1718 uirtutum,
445 1658 613 1708 sanctorum
639 1665 757 1726 quoque
785 1651 1022 1727 patriarcharum,
1047 1650 1175 1730 prophe·

272 1755 376 1814 tarum,
391 1742 602 1820 apostolorum,
617 1753 783 1819 martyrum,
795 1745 1007 1818 consessomm,
1018 1747 1175 1823 uirginum,

275 1839 466 1914 omniumque
488 1836 575 1896 simul
596 1846 775 1910 sanctorum,
797 1857 966 1916 quesumus,
986 1841 1176 1917 omnipotens

273 1933 355 2005 deus,
372 1931 481 1991 meritis
502 1949 537 1990 ac
558 1930 694 2008 precibus
715 1931 846 2008 placatus
867 1936 960 1996 tribue
981 1936 1068 1996 nobis
1088 1935 1176 1994 mise·

272 2027 426 2089 ricordiam
440 2035 529 2096 tuam,
546 2035 575 2084 et
589 2025 628 2085 da
643 2027 704 2103 regi
720 2039 822 2088 nostro
842 2039 929 2107 atque
943 2031 1043 2107 regine
1057 2046 1176 2088 necnon

273 2123 416 2200 episcopo
440 2131 541 2179 nostro
565 2117 694 2199 (antistiti
719 2122 834 2202 nostro)
855 2125 1024 2202 populoque
1046 2133 1108 2195 tuo,
1131 2122 1175 2180 in·

271 2215 438 2276 uiolabilenr
459 2213 527 2273 fidei
548 2214 715 2274 firmitatem
735 2227 764 2276 et
785 2234 889 2294 pacem
900 2238 909 2292 ;
931 2218 1038 2297 repelle
1056 2216 1174 2277 anobis

272 2312 397 2380 hostem,
422 2308 539 2378 famem,
562 2318 591 2369 et
613 2319 748 2386 pestem;
770 2309 808 2370 da
832 2313 919 2372 nobis
942 2313 972 2370 in
996 2323 1047 2371 tua
1069 2311 1173 2371 uirtute

273 2403 469 2465 constantiam
489 2415 518 2464 et
538 2403 736 2464 fortitudinem
747 2425 756 2478 3
777 2406 890 2481 inmitte
914 2407 1048 2467 hostibus
1069 2407 1174 2465 nostris

273 2499 469 2570 formidinem,
484 2510 513 2558 et
534 2499 565 2558 in
586 2499 776 2560 ualitudinem
794 2502 921 2561 retribue
935 2503 1074 2562 omnibus
1088 2500 1174 2561 nobis

272 2595 353 2654 bona
367 2591 539 2653 facientibus
553 2595 611 2652 uite
627 2603 734 2653 aeternc
748 2595 966 2656 beatitudinem.
988 2596 1036 2655 Da
1050 2595 1175 2654 inimicis

273 2689 424 2748 nostriset
441 2689 683 2765 persequentibus
704 2706 760 2748 nos
780 2690 1010 2767 recognitionem
1031 2699 1060 2749 et
1080 2689 1175 2748 indul·

273 2784 412 2859 gentiam.
453 2780 594 2842 Concede
619 2781 763 2842 defunctis
791 2785 907 2856 nostris,
930 2793 959 2842 et
982 2783 1120 2843 omnibus
1145 2783 1175 2841 in

274 2876 381 2936 christo
406 2876 632 2953 quiescentibus,
655 2877 858 2937 remissionem
879 2878 1014 2938 omnium
1038 2889 1175 2955 peccato-

274 2989 346 3043 rum,
361 2981 391 3030 et
405 2971 535 3048 requiem
550 2971 768 3049 sempiternam.
811 2972 874 3031 Per.

667 3138 786 3200 Secreta.

312 3263 350 3322 In
369 3272 531 3340 conspectu
551 3262 710 3321 maiestatis
729 3271 786 3336 tue,
802 3279 971 3338 quesumus,
986 3261 1175 3339 omnipotens

272 3358 351 3430 deus,
373 3358 571 3417 intercedente
593 3367 695 3416 sancta
715 3356 827 3436 (beata)
849 3357 896 3416 dei
920 3357 1061 3434 genitrice
1083 3357 1174 3414 maria

272 3463 300 3511 et
321 3453 458 3512 omnibus
482 3445 591 3511 sancti's
614 3453 679 3522 tuis,
704 3450 870 3510 oblationes
894 3462 993 3525 nostre
1019 3461 1047 3509 et
1072 3467 1173 3528 preces

271 3547 467 3624 acceptabiles
495 3545 663 3617 ascendant,
687 3554 716 3604 et
744 3554 794 3603 tua
821 3545 1027 3623 propitiatione
1056 3545 1174 3605 ueniam

271 3641 355 3701 nobis
375 3650 405 3700 et
425 3658 530 3717 pacem
552 3640 662 3712 tribue;
684 3639 808 3711 hostem,
823 3649 852 3698 et
872 3638 989 3712 famem,
1004 3659 1039 3699 ac
1058 3651 1172 3716 pestem

271 3736 395 3794 anobis
416 3734 540 3813 repelle3
562 3733 660 3808 fidem,
679 3751 773 3812 spem,
790 3743 819 3794 et
841 3734 989 3794 caritatem
1011 3735 1096 3793 nobis
1117 3735 1173 3793 lar-

271 3829 331 3906 gire
340 3847 349 3902 ;
371 3829 543 3888 defensione
558 3839 607 3889 tua
622 3847 677 3890 nos
693 3847 809 3906 semper
824 3829 1002 3906 circumtege
1015 3849 1023 3902 ;
1044 3829 1172 3889 hostium

271 3933 437 3984 nostrorum
463 3923 628 4001 superbiam
655 3934 684 3982 et
706 3923 842 3983 uirtutem
867 3933 1004 3996 contere;
1034 3923 1172 3983 omnibus

271 4019 356 4078 nobis
377 4019 456 4078 bona
479 4016 651 4077 facientibus
678 4019 770 4096 gratie
795 4029 843 4092 tue
871 4017 1101 4078 habundantiam
1129 4037 1172 4078 re-

270 4114 361 4172 tribue
372 4133 380 4186 ;
413 4113 615 4173 discordantes
636 4112 674 4173 ad
696 4113 776 4191 pacis
797 4114 910 4172 bonum
931 4124 1070 4173 conuerte
1080 4132 1090 4186 ;
1122 4110 1172 4171 de·

271 4205 375 4267 functis
391 4209 497 4267 nostris
512 4208 643 4285 requiem
658 4207 790 4267 concede
800 4225 808 4280 ;
831 4216 860 4266 et
879 4208 1019 4267 omnibus
1038 4207 1171 4267 fidelibus

271 4303 326 4363 tuis
340 4304 431 4363 uitam
445 4303 653 4380 sempiternam
667 4302 778 4380 largire.
820 4301 884 4362 Per.

650 4466 789 4546 Presattb.

309 4585 347 4646 U.
376 4585 416 4648 D.
450 4605 503 4664 per
537 4586 679 4647 christum
714 4585 869 4646 dominum
902 4595 1046 4646 nostrum.
1101 4584 1172 4658 Quo

270 4687 419 4759 moriente,
448 4685 608 4744 illuminata
642 4693 710 4744 sunt
744 4693 867 4754 tartara;
907 4701 967 4761 quo
1002 4693 1172 4759 resurgente

271 4795 437 4840 sanctorum
471 4790 516 4840 est
554 4779 711 4838 multitudo
749 4779 860 4855 gauisa,
895 4795 956 4855 quo
994 4777 1171 4836 ascendente

271 4875 442 4953 angelorum
469 4873 608 4936 exultauit
636 4883 760 4958 caterua.
802 4872 930 4933 Oramus
958 4889 1030 4949 ergo
1059 4881 1095 4944 te,
1118 4870 1172 4932 do·

270 4970 347 5029 mine
368 4969 441 5030 deus
463 4980 570 5042 noster,
586 4977 625 5036 ut,
642 4966 889 5027 intercedentibus
910 4968 1018 5026 sanctis
1039 4967 1104 5038 tuis,
1118 4984 1172 5043 per

270 5063 365 5140 ipsum
387 5075 575 5142 peccatorum
597 5072 764 5122 nostromm
785 5061 886 5121 abluas
908 5061 1018 5138 culpas,
1034 5078 1095 5138 quo
1110 5078 1170 5120 non

271 5160 360 5221 indie
377 5161 620 5222 manifestationis
641 5178 694 5220 sue
716 5160 878 5220 secundum
900 5159 1052 5220 malefacta
1072 5170 1171 5219 nostra

269 5256 404 5327 restituat,
427 5255 479 5316 sed
507 5256 585 5314 mitis
609 5264 749 5332 appareat
776 5254 806 5313 in
833 5254 940 5314 iudicio
968 5255 1073 5331 quibus
1100 5271 1170 5330 pro-

270 5350 385 5425 pitiatur
405 5350 436 5408 in
457 5350 579 5420 mundo,
593 5359 623 5408 et
637 5349 727 5428 ipsius
742 5359 874 5408 tueamur
890 5348 1020 5421 brachio,
1035 5349 1072 5408 de
1087 5350 1170 5408 cuius

269 5445 418 5504 maiestate
439 5461 544 5504 omnes
565 5444 651 5503 amici
673 5444 714 5504 tui
734 5452 832 5503 tecum
853 5443 1012 5520 gloriantur
1032 5444 1063 5502 in
1084 5444 1148 5502 celo
1159 5464 1168 5517 ;

270 5555 429 5616 eorumque
449 5538 578 5598 fruamur
598 5537 700 5598 lucidis
725 5538 898 5615 aspectibus,
918 5555 1044 5617 quorum
1071 5538 1170 5597 deuoti

270 5633 376 5694 solacia
389 5634 548 5712 poscimus.
590 5631 646 5692 Per
661 5649 749 5711 quem
763 5632 953 5693 maiestatem.

1466 586 1537 680 iim
1563 587 1645 664 uiuis
1671 599 1700 662 tt
1723 587 1886 664 brunsh.

2058 604 2124 679 ²5¹

1565 791 1795 851 Portcontmunr'o.

1269 895 1323 954 Per
1350 894 1436 956 huius
1464 898 1638 957 sacramenti
1670 898 1839 975 mysterium
1867 906 1957 974 atque
1985 897 2130 968 uirtutem,

1228 1005 1396 1065 quesumus,
1425 989 1546 1051 domine
1580 991 1653 1052 deus
1688 1002 1787 1051 noster
1818 991 2016 1069 omnipotens,
2043 990 2131 1050 beata

1228 1084 1319 1142 maria
1343 1102 1459 1162 semper
1477 1085 1599 1161 uirgine,
1620 1095 1650 1146 et
1672 1087 1810 1146 omnibus
1834 1085 1942 1146 sanctis
1963 1086 2019 1145 tuis
2043 1085 2130 1144 inter·

1229 1177 1406 1252 cedentibus,
1428 1179 1564 1238 uitiorum
1592 1189 1760 1240 nostrorum
1783 1179 1895 1240 macule
1920 1179 2080 1249 deleantur,
2101 1187 2131 1237 et

1227 1290 1330 1350 preces
1350 1283 1449 1349 nostre
1467 1274 1498 1332 in
1517 1284 1679 1352 conspectu
1698 1275 1855 1336 maiestatis
1870 1285 1918 1349 tue
1935 1273 2131 1352 acceptabiles

1227 1367 1420 1428 inueniantur.
1464 1367 1530 1428 Rex
1545 1379 1644 1430 noster
1658 1379 1687 1430 et
1703 1369 1811 1446 regina,
1826 1387 1881 1429 nec
1897 1385 1958 1428 noo
1973 1368 2130 1446 episcopus

1227 1471 1327 1521 noster
1342 1460 1495 1542 (antistites
1515 1463 1620 1542 nostri)
1633 1464 1818 1542 populusque
1831 1473 1897 1524 tuus
1914 1480 1933 1522 a
1952 1461 2081 1540 peccatis
2101 1471 2131 1522 et

1227 1555 1360 1616 hostibus
1387 1558 1549 1630 liberentur,
1578 1569 1608 1618 et
1635 1558 1702 1618 fidei
1734 1559 1905 1618 rectitudine
1937 1558 2129 1626 roborentur;

1228 1648 1356 1709 hostiurn
1378 1663 1545 1711 nostrorum
1567 1653 1703 1730 superbia
1724 1663 1753 1712 et
1773 1653 1911 1713 fortitudo
1926 1659 2128 1730 proterantur;

1228 1745 1392 1820 pestilentie
1420 1756 1449 1805 et
1477 1746 1569 1806 fames
1601 1746 1704 1824 procul
1739 1746 1899 1826 pellantur;
1936 1748 2016 1806 bona
2044 1745 2129 1804 nobis

1229 1838 1367 1900 facientes
1395 1842 1486 1916 gratie
1514 1852 1563 1915 tue
1592 1842 1771 1901 abundantia
1797 1842 1979 1918 repleantur;
2019 1839 2130 1900 discor-

1229 1932 1332 1994 dantes
1346 1935 1384 1994 ad
1398 1933 1555 1994 fraternam
1570 1954 1674 2012 pacem
1685 1945 1876 2008 reuocentur;
1897 1934 2027 1995 defuncti
2038 1933 2130 1992 nostri

1228 2029 1359 2106 requiem
1380 2041 1613 2106 consequantur;
1637 2040 1666 2089 et
1687 2047 1792 2089 omnes
1813 2029 1914 2090 fideles
1934 2030 1985 2100 tui,
2000 2029 2129 2098 domine,

1227 2123 1317 2182 uitam
1331 2135 1502 2200 perpetuam
1517 2124 1639 2202 adipisci
1653 2135 1826 2184 mereantur.
1869 2123 1924 2183 Per
1939 2123 2100 2184 dominum.

1338 2303 1451 2377 sitiisse
1470 2307 1615 2384 grauatis
1636 2323 1688 2387 prr
1708 2306 1788 2371 uiuis
1810 2310 1837 2370 rt
1856 2305 2011 2369 triurttls.

1268 2421 1378 2484 Pietate
1407 2434 1465 2498 tua,
1490 2443 1657 2504 quesumus,
1688 2426 1820 2499 domine,
1844 2436 2012 2486 nostrorum
2046 2423 2129 2485 solue

1226 2522 1343 2582 uincula
1357 2535 1556 2601 peccatorum,
1571 2535 1609 2598 et,
1624 2525 1822 2585 intercedente
1842 2525 1928 2584 beata
1948 2525 2040 2584 maria
2060 2541 2129 2583 cum

1226 2617 1364 2677 omnibus
1385 2619 1493 2679 sanctis
1514 2621 1579 2692 tuis,
1601 2637 1710 2697 papam
1731 2629 1873 2691 nostrum,
1894 2636 2053 2696 regemque
2074 2635 2129 2677 no·

1227 2720 1318 2770 strum
1339 2721 1369 2772 et
1389 2713 1521 2790 reginam
1543 2723 1683 2786 nostram,
1707 2722 1736 2775 et
1758 2713 1915 2790 episcopos
1939 2725 2056 2772 nostros
2082 2711 2129 2772 uel

1227 2805 1347 2866 abbates
1361 2817 1487 2878 nostros,
1502 2825 1642 2866 unacum
1657 2808 1795 2868 omnibus
1806 2808 2085 2885 congregationibus
2100 2818 2129 2867 et

1227 2897 1343 2960 familiis
1357 2901 1411 2960 sibi
1426 2903 1591 2961 commissis
1606 2903 1635 2961 in
1650 2903 1731 2961 omni
1742 2902 1894 2961 sanctitate
1909 2900 2042 2975 custodi;
2065 2919 2129 2961 om·

1227 3011 1338 3070 nesque
1367 2995 1505 3055 affinitate
1530 3016 1565 3056 ac
1594 2997 1785 3056 familiaritate
1813 2997 1899 3055 nobis
1926 2995 2050 3066 iunctos,
2075 3014 2129 3056 seu

1227 3105 1331 3148 omnes
1357 3089 1538 3160 christianos,
1560 3108 1578 3149 a
1599 3091 1676 3150 uitiis
1701 3108 1802 3168 purga,
1823 3090 1976 3149 uirtutibus
2000 3089 2127 3162 illustra;

1227 3200 1330 3258 pacem
1359 3195 1389 3243 et
1417 3185 1540 3244 salutem
1567 3186 1654 3244 nobis
1682 3185 1793 3257 tribue;
1830 3183 1957 3244 carnalia
1985 3183 2129 3244 desideria

1225 3278 1349 3354 repelle;
1382 3276 1480 3339 hostes
1501 3279 1629 3340 uisibiles
1650 3289 1680 3339 et
1701 3279 1859 3338 inuisibiles
1882 3296 2021 3350 remoue;
2054 3280 2128 3340 aeris

1226 3373 1397 3449 temperiem
1422 3373 1558 3450 indulge;
1588 3374 1687 3450 fruges
1715 3385 1789 3448 terre
1817 3372 1948 3433 concede
1960 3393 1969 3447 3
2002 3373 2127 3434 inimicis

1226 3468 1331 3527 nostris
1352 3485 1452 3526 ueram
1474 3470 1624 3528 caritatem
1646 3469 1759 3544 largire,
1780 3477 1810 3527 et
1830 3468 1968 3528 omnibus
1994 3467 2127 3528 fidelibus

1225 3561 1299 3620 uiuis
1322 3571 1351 3620 et
1376 3561 1520 3622 defunctis
1543 3564 1634 3623 uitam
1657 3564 1763 3641 pariter
1784 3574 1814 3623 et
1836 3563 1968 3648 requiem
1986 3575 2126 3622 aeternam

1226 3656 1365 3716 concede.
1407 3655 1470 3716 Per.
1785 3647 1790 3656 ’

1614 3737 1735 3799 Secreta.

1265 3845 1355 3916 Deus,
1370 3849 1420 3924 qui
1441 3846 1580 3924 singulari
1598 3848 1729 3924 corporis
1743 3846 1785 3907 tui
1804 3846 1900 3906 hostia
1917 3847 2006 3906 totius
2024 3845 2127 3905 mundi

1225 3940 1335 4000 soluisti
1357 3941 1470 4014 delicta,
1486 3944 1542 4002 hac
1563 3941 1712 4002 oblatione
1733 3942 1865 4019 placatus
1885 3940 2016 4000 maculas
2037 3940 2126 4000 scele-

1224 4053 1289 4094 rum
1313 4047 1479 4096 nostrorum
1503 4036 1654 4114 absterge;
1686 4047 1715 4096 et
1741 4037 1875 4095 omnium
1903 4034 2126 4095 christianorum

1224 4129 1352 4189 fidelium
1374 4132 1510 4190 uiuorum
1537 4139 1624 4207 atque
1650 4141 1833 4190 mortuorum
1858 4139 1980 4206 peccata
2004 4129 2125 4198 dimitte,

1223 4224 1323 4300 eisque
1338 4227 1450 4302 premia
1464 4237 1562 4300 eterna
1576 4225 1716 4285 concede.
1759 4223 1821 4283 Per.

1531 4356 1820 4417 Poslcommunrimenr.

1265 4463 1395 4540 Sumpta,
1412 4463 1539 4535 domine,
1554 4473 1744 4533 sacramenta,
1760 4478 1928 4540 quesumus,
1950 4461 2051 4519 omnia
2071 4460 2124 4520 cri·

1223 4559 1303 4617 mina
1325 4569 1425 4616 nostra
1447 4556 1607 4634 detergant,
1628 4573 1808 4634 omnemque
1830 4555 2001 4632 prauitatem
2026 4562 2056 4612 et
2079 4554 2125 4612 in·

1223 4653 1395 4724 firmitatem,
1414 4669 1466 4712 seu
1485 4653 1573 4711 etiam
1593 4651 1738 4711 hosticam
1759 4650 1870 4710 rabiem
1891 4657 1979 4726 atque
1999 4647 2125 4707 subitam

1223 4757 1355 4820 mortem,
1377 4747 1488 4806 meritis
1513 4755 1683 4806 sanctorum
1708 4746 1841 4805 omnium
1866 4761 1884 4802 a
1911 4743 1998 4803 nobis
2023 4742 2125 4818 procul

1221 4841 1367 4919 repellant,
1377 4851 1406 4901 et
1420 4841 1556 4901 omnibus
1571 4840 1706 4900 fidelibus
1721 4839 1794 4898 uiuis
1809 4847 1838 4898 et
1852 4837 1996 4897 defunctis
2009 4837 2124 4913 prosint

1222 4935 1259 4995 ad
1284 4935 1411 5006 ueniam,
1431 4953 1486 5012 pro
1507 4953 1632 5012 quorum
1653 4951 1837 5013 quarumque
1861 4931 1912 4991 tibi
1936 4940 2004 4990 sunt
2027 4931 2124 4992 oblata

1223 5030 1324 5091 salute.
1366 5029 1431 5088 Per.

1349 5211 1403 5279 sl.
1417 5211 1476 5277 lul.
1491 5229 1559 5292 aar.
1594 5211 1659 5278 Ser.
1679 5213 1775 5276 marta
1794 5211 1991 5292 magualmrl

1263 5333 1454 5394 Gaudeamus
1480 5352 1585 5394 omnes
1613 5335 1644 5392 in
1668 5333 1790 5394 domino
1815 5333 1894 5393 diem
1916 5332 2022 5392 festum
2049 5329 2123 5390 cele·

1254 5485 1263 5514 ¹
1278 5485 1318 5535 Το
1329 5485 1373 5536 the
1387 5485 1436 5536 end
1450 5484 1480 5535 of
1488 5483 1530 5534 the
1547 5483 1643 5549 Gospel
1654 5484 1703 5533 this
1715 5483 1793 5532 Missa
1808 5499 1894 5548 agrees
1904 5481 1966 5532 with
1977 5479 2069 5531 thatin
2081 5479 2124 5529 the

1221 5564 1246 5616 S.
1254 5563 1358 5620 Missal;
1373 5563 1439 5612 from
1448 5563 1490 5613 the
1501 5577 1621 5628 sequence
1633 5561 1747 5613 onwards
1760 5562 1780 5610 it
1790 5561 1872 5611 differs
1883 5561 1948 5612 from
1959 5560 1984 5612 S.
1992 5575 2020 5610 as
2032 5559 2053 5608 it
2063 5557 2124 5608 does

1222 5641 1375 5708 throughout
1387 5641 1452 5692 from
1462 5641 1494 5690 R.
1528 5640 1642 5692 Another
1653 5640 1732 5690 Missa
1742 5655 1829 5690 occurs
1841 5639 1867 5688 in
1875 5639 1906 5690 Y.

1762 5725 1864 5790 reka
