5124 6608
378 613 481 689 Dum.
503 611 564 688 stt.
585 608 655 687 ruti.
683 623 755 707 post
780 614 996 707 &nuruum
1385 611 1487 688 Dm.
1508 609 1592 687 utu.
1616 622 1689 704 pust
1711 560 1931 710 procusum
2034 635 2098 684 121

405 801 582 926 ‘musta
594 861 650 928 m
669 865 738 946 pm
757 861 969 946 mummi·
1001 801 1003 807 '
1201 810 1294 978 {13
1309 810 1497 894 consistere,
1511 820 1571 878 tuo
1589 833 1721 898 semper
1735 834 1872 880 munere
1892 815 2103 899 gubernetur.

296 991 442 1074 Custodi,
471 1015 659 1078 quesumus,
686 996 830 1075 domine,
854 995 1026 1062 ecclesiam
1056 1003 1149 1060 tuam
1581 1013 1725 1080 Semta,

252 1093 484 1178 propitiatione
513 1106 682 1180 perpetua,
705 1105 739 1162 et
764 1098 843 1180 quia
871 1095 942 1160 sine
967 1104 1002 1160 te
1027 1093 1150 1160 labitur
1245 1136 1321 1202 Tua
1345 1159 1414 1214 nos,
1439 1139 1583 1216 domine,
1610 1147 1818 1204 sacramenta
1843 1139 2041 1216 custodiant,
2067 1151 2102 1208 et

251 1193 394 1258 humana
414 1195 605 1311 mOftalstffss
627 1196 692 1260 tuis
715 1216 846 1279 semper
867 1194 1056 1310 auf‘ffiisfft
1074 1193 1150 1259 abs'
1201 1247 1316 1302 contra
1335 1238 1517 1305 diabolicos
1534 1248 1689 1304 tueantur
1703 1259 1833 1323 semper
1847 1239 2005 1305 incursus.
2039 1241 2101 1306 Per

251 1291 399 1359 trahatur
432 1313 453 1358 a
488 1315 611 1372 noxus,¹
643 1303 678 1360 et
711 1296 755 1360 ad
789 1293 944 1359 salutaria
980 1295 1147 1378 dirigatur.
1201 1335 1397 1402 dominum

252 1391 334 1458 Per!
1565 1437 1738 1521 praefato.

555 1618 563 1634 ,
703 1619 711 1634 ,
1245 1561 1290 1627 U.
1306 1563 1348 1628 D.
1364 1573 1489 1628 aeteme
1503 1564 1595 1629 deus.
1640 1564 1688 1629 Et
1702 1573 1737 1628 te
1752 1563 1953 1630 incessanter
1966 1566 2100 1648 precari,

293 1616 451 1683 c⁰¹¹⁶⁶d⁶
487 1619 590 1698 ¹¹⁰b¹⁵’
620 1620 764 1697 ‘mnne’
796 1638 986 1702 quesumus’
1018 1627 1056 1683 ut
1087 1617 1149 1701 hic
1201 1671 1239 1726 ut
1268 1663 1333 1744 qui,
1356 1673 1390 1728 te
1414 1673 1558 1742 auctore,
1580 1664 1797 1744 subsistimus,
1819 1674 1853 1729 tc
1879 1664 2101 1748 dispensante,

250 1717 357 1830 ¹3⁰⁵&
380 1717 532 1783 salutaris
557 1728 592 1784 et
616 1726 804 1834 ”Pfftr‘fmm
830 1717 891 1783 fiat
914 1717 1069 1832 ,purgum
1091 1719 1149 1783 de'
1201 1761 1396 1845 dirigamur3
1419 1761 1499 1827 Non
1510 1765 1630 1828 nostris
1641 1763 1788 1828 sensibus
1799 1762 2028 1848 relinquamur,
2040 1766 2100 1831 sed

251 1815 409 1896 lictorum,
425 1827 460 1883 et
473 1826 541 1883 tuae
556 1827 749 1902 propmano
764 1826 950 1902 potestatis.
995 1817 1068 1883 Per.

628 1493 770 1559 Secreta.

1200 1862 1244 1926 ad
1270 1871 1338 1927 tuae
1363 1862 1490 1928 reducti
1516 1883 1646 1947 semper
1668 1864 1834 1928 tramitem
1857 1864 2006 1931 ueritatis
2026 1864 2099 1931 haec

615 1995 777 2079 prpsam
1200 1963 1393 2027 studeamus
1418 1983 1579 2041 exercere,
1604 1983 1679 2047 quae
1704 1963 1852 2048 precipis,
1875 1975 1913 2031 ut
1934 1966 2099 2050 possimus

292 2118 337 2184 U.
354 2119 398 2184 D.
418 2138 479 2202 per
500 2119 658 2185 christum
681 2119 853 2186 dominum
876 2130 1034 2186 nostrum.
1079 2119 1147 2206 Qui
1200 2061 1289 2127 d⁰¹¹²
1303 2082 1471 2146 percipere
1488 2083 1564 2146 φιτ
1578 2072 1754 2146 promittis
1801 2061 1897 2130 Per¹.

250 2219 433 2284 aeternitate
458 2220 631 2285 sacerdotii
661 2222 711 2285 sui
738 2241 855 2286 omnes
880 2221 942 2286 tibi
968 2219 1148 2300 seruientes
1498 2238 1560 2305 Ad
1577 2237 1805 2324 complendum.

249 2318 431 2385 sanctificat
459 2321 656 2395 sacerdotes,
688 2320 856 2405 Quoniam
888 2320 1018 2387 mortali
1051 2343 1148 2388 carne
1237 2363 1370 2430 Mentes
1393 2374 1523 2431 nostras
1545 2374 1579 2430 et
1601 2386 1740 2450 corpora
1760 2364 1937 2449 possideat,
1952 2366 2087 2432 domine

250 2418 443 2484 circumdati
479 2419 527 2484 ita
555 2420 729 2485 cotidianis
758 2430 971 2504 peccatorum
1007 2422 1148 2487 remissi·
2090 2415 2097 2444 ’

250 2518 366 2583 onibus
381 2519 575 2602 indigemus,
592 2529 629 2584 ut
649 2541 715 2585 non
733 2521 842 2586 solum
862 2541 923 2604 pro
937 2521 1071 2605 populo,
1089 2523 1147 2587 Sed
1198 2483 1387 2547 quesumus,
1405 2465 1484 2530 doni
1499 2465 1641 2531 caelestis
1662 2468 1823 2550 operatio,
1839 2475 1877 2532 ut
1897 2487 1963 2531 non
1986 2475 2100 2533 noster

269 2619 293 2682 fi
509 2619 542 2683 b.
607 2619 616 2635 .
657 2619 679 2684 d
907 2620 969 2686 ,fi,
1121 2621 1129 2636 ,
1198 2565 1358 2630 sensusin
1371 2565 1476 2642 nobis,
1489 2566 1548 2631 sed
1561 2565 1760 2650 iugitereius
1769 2567 2098 2650 preueniatetiectus.

250 2639 268 2684 e
294 2639 349 2683 am
379 2637 440 2701 pro
465 2639 508 2684 no
533 2639 560 2682 rs
587 2641 656 2684 erus
682 2640 736 2685 em
762 2630 797 2686 te
822 2630 916 2706 ponti
941 2642 988 2687 crs
1013 2640 1148 2706 sanguis
1198 2663 1286 2728 pen,

250 2728 376 2784 exoret.
423 2718 486 2785 Per
501 2719 635 2803 quem².

1502 2764 1609 2848 Super
1622 2766 1788 2848 populum.

541 2893 605 2959 Ad
621 2895 850 2979 complendum.
1242 2888 1306 2968 Da,
1321 2909 1508 2973 quesumus,
1531 2891 1677 2967 domine,
1698 2889 1783 2956 hanc
1803 2900 1950 2956 mentem
1972 2891 2098 2975 populo

292 3019 468 3085 Purificent
486 3040 618 3103 semper
633 3031 667 3087 et
689 3021 839 3087 muniant
861 3030 920 3087 tua
942 3033 1148 3088 sacramenta
1197 2996 1267 3104 “¹⁰3
1283 2999 1322 3054 ut
1337 2990 1414 3073 qnia
1431 2991 1474 3055 ad
1493 2990 1692 3106 Plafflndpm
1713 2993 1910 3057 ⁰⁶⁰02³it²te
1924 2990 2096 3068 00¹¹C¹¹¹Tlt2

250 3139 316 3199 nos,
346 3120 437 3199 deus,
466 3128 501 3185 et
530 3121 572 3184 ad
602 3129 772 3205 perpetuae
800 3121 925 3187 ducant
954 3122 1148 3188 munionis
1198 3091 1364 3155 maiestati
1399 3099 1467 3154 tuae
1504 3090 1563 3156 fiat
1599 3101 1699 3156 ettam
1737 3090 1909 3156 uoluntate
1945 3091 2096 3157 deuotus.

249 3218 411 3286 eflectum.
456 3218 542 3284 Pers
1199 3188 1294 3256 Per²·

577 3317 639 3382 Ad
650 3319 816 3402 populum.

292 3439 417 3506 Praesta
438 3442 542 3519 nobis,
560 3443 742 3509 misericors
764 3444 857 3520 deus,
873 3453 911 3510 nt
925 3443 1146 3528 placationem
1355 3423 1510 3488 mulslim
1525 3425 1603 3491 mitt
1624 3423 1706 3509 [pout
1725 3423 1921 3510 imiimi]
1929 3429 1950 3492 ⁸·

248 3548 340 3605 tuam
367 3541 943 3624 P10¹1¹Ptl⁵mentibusemfefflust
973 3554 1008 3610 et
1029 3566 1146 3628 pecca·
1240 3565 1399 3648 Absolue,
1425 3589 1615 3653 quesumus,
1637 3571 1782 3650 domine,
1812 3581 1946 3638 tuorum
1974 3571 2096 3638 delicta

248 3650 363 3756 torum·
384 3640 517 3706 ueniam
547 3651 788 3726 consequentes
825 3643 935 3710 noxiis
970 3643 1148 3710 liberemur
1196 3668 1402 3752 populosum,
1419 3678 1454 3735 et
1470 3692 1491 3734 a
1509 3680 1720 3754 peccatorum
1736 3681 1926 3737 nostrorum
1944 3671 2095 3746 nexibus,

249 3741 437 3806 meur-qm·
482 3741 545 3805 Pel
553 3739 576 3807 ³·
1196 3790 1272 3852 quae
1291 3789 1353 3853 pro
1375 3779 1488 3835 nostra
1503 3770 1682 3854 fragilitate
1704 3770 1940 3850 contraximus,
1960 3780 2018 3836 tua
2040 3771 2096 3836 be·

1197 3869 1359 3953 nignitate
1373 3868 1560 3935 liberemur.
1606 3871 1669 3935 Per
1685 3869 1857 3936 dominum
1873 3880 2022 3937 nostrum
2032 3869 2056 3935 ⁴.

426 4055 582 4122 mmm
594 4058 660 4124 ἠῶ
680 4064 749 4142 pm
769 4065 953 4141 mmmm
960 4065 981 4125 ⁴·
1239 3988 1396 4078 (Secreta.
1441 3993 1570 4059 Munda
1585 4015 1656 4074 nos,
1669 3993 1827 4081 domine).

1575 4167 1714 4234 Secreta.

1240 4268 1303 4333 Pro
1333 4277 1455 4334 nostrae
1484 4271 1652 4336 seruitutis
1681 4284 1864 4356 augmento
1900 4273 2095 4339 sacrificium

1196 4365 1265 4446 tibi,
1279 4367 1423 4447 domine,
1437 4367 1546 4433 laudis
1567 4369 1745 4452 offerimus,
1761 4382 1800 4439 nt
1822 4373 1913 4456 quod
1936 4373 2095 4439 inmeritis

1126 4532 1132 4543 ,
1195 4466 1362 4532 contulisti
1376 4468 1539 4551 propitius
1554 4472 1756 4554 exsequaris.
1802 4472 1865 4537 Per
1878 4471 2080 4537 dominum⁶.

292 4211 476 4279 Ecclesiam
491 4225 592 4296 tuam,
607 4217 751 4297 domine,
767 4217 934 4284 miseratio
956 4217 1147 4284 continuata

246 4314 386 4379 mundet
409 4325 445 4381 et
470 4316 605 4393 muniat,
628 4325 663 4381 et
687 4318 765 4401 quia
789 4317 861 4384 sine
886 4328 921 4385 te
945 4339 1011 4384 non
1034 4328 1146 4402 potest

280 4550 289 4580 ¹
304 4563 330 4604 Α.
343 4551 446 4615 Inclina,
458 4553 567 4605 domine.
764 4569 807 4610 or.
822 4559 963 4624 Expectans
974 4558 1112 4626 expectaui.

306 4629 467 4682 mlaetifica
477 4633 595 4684 animum·
764 4648 807 4687 co.
819 4637 871 4702 Qui
882 4637 1024 4688 manducat.

305 4719 332 4760 R.
344 4709 442 4759 Bonm
453 4717 490 4760 est
501 4711 633 4762 confidere.
764 4716 819 4778 (ur.
829 4713 857 4765 si
868 4714 977 4765 uiuimus
989 4715 1086 4780 spiritu.
1228 4709 1237 4739 ¹
1252 4713 1285 4766 Ο.
1297 4731 1321 4780 p.
1336 4728 1392 4780 334.
1406 4717 1433 4766 Ζ.

306 4797 333 4836 ν.
343 4786 386 4837 Ad
396 4787 599 4841 adnuntiandum.
763 4803 809 4845 nv,
821 4791 904 4845 Nemo
915 4799 999 4860 potest
1010 4792 1128 4858 duobus).
1226 4792 1237 4824 ¹
1253 4793 1309 4845 Gel
1324 4811 1350 4862 p.
1368 4794 1425 4859 672.
1441 4795 1546 4857 Adesto,
1557 4795 1622 4856 dne,
1634 4793 1858 4861 supplicationibus
1873 4795 1972 4856 nostris,
1988 4801 2014 4846 et
2030 4794 2094 4846 nibil

305 4875 349 4914 ar.
361 4865 412 4930 Qui
423 4867 511 4918 timent
522 4867 659 4921 dominnm.
1194 4869 1282 4922 desua
1293 4871 1443 4922 conscientia
1454 4873 1658 4937 praesumentibus
1669 4872 1788 4924 ineffabili
1802 4873 1959 4924 miseratione
1970 4888 2089 4934 succurre,

277 4938 334 4994 ¹0.
347 4958 373 5008 p.
385 4956 441 5008 333.
452 4945 479 4994 2.
539 4995 541 5000 ,
1193 4948 1301 5014 ntqnod
1317 4948 1393 5000 babet
1409 4949 1528 5000 fiduciam
1541 4952 1687 5002 meritorum
1700 4957 1744 5002 tua
1759 4950 1869 5002 conterat
1880 4950 1983 5016 largitas
1999 4951 2093 5002 inuicta

277 5017 288 5050 ²
303 5019 359 5071 Gel.
372 5037 396 5088 p.
410 5022 466 5086 518.
482 5022 531 5084 Da,
543 5039 576 5089 q..
587 5023 652 5084 dne,
660 5023 726 5076 hanc
734 5031 844 5076 mentem
855 5026 951 5094 populo
960 5033 1013 5089 tno,
1022 5025 1101 5092 utqui
1113 5025 1145 5078 ad
1194 5025 1325 5077 donorum.
1358 5027 1413 5078 Per.
1433 5027 1461 5078 Z.

241 5099 394 5164 precandum
409 5100 554 5152 necessitate
565 5104 695 5164 concurrit,
707 5105 833 5155 maiestati
847 5111 896 5155 tuae
909 5103 953 5156 fiat
967 5105 1045 5156 etiam
1059 5103 1145 5156 uolun·
1228 5104 1238 5134 ⁸
1254 5116 1332 5155 com.
1347 5105 1414 5168 (Tua
1430 5119 1485 5162 uos,
1504 5105 1616 5169 domine)
1685 5117 1729 5157 al..
1744 5105 1853 5156 Dextera
1863 5106 1959 5157 domini
1970 5106 2035 5157 iecit.

240 5181 297 5227 cute
308 5177 420 5229 deuotus.
455 5179 508 5231 Per.
525 5180 553 5229 Z.
1325 5197 1355 5233 so
1366 5181 1429 5232 Bod.
1442 5182 1474 5232 Ο.
1485 5182 1518 5231 V.
1695 5195 1739 5234 os.
1751 5183 1828 5234 Orani
1839 5182 1914 5234 deum
1925 5199 2016 5234 meum.

277 5253 287 5285 ⁴
301 5267 329 5308 Δ.
340 5255 459 5308 Miserere
473 5255 543 5320 mihi,
555 5256 666 5320 dominc,
763 5270 807 5310 os.
818 5258 936 5322 Domine,
949 5259 975 5310 in
985 5259 1112 5312 auxilium.
1254 5271 1282 5310 tt.
1301 5258 1384 5310 Iustus
1406 5273 1441 5320 es,
1463 5259 1573 5318 domine,
1592 5266 1618 5312 et
1695 5272 1738 5312 c0.
1751 5261 1849 5312 Uonete
1859 5270 1884 5312 et
1896 5262 2000 5313 reddite.

377 5335 494 5399 qnoniam
505 5335 538 5386 ad
548 5341 582 5387 te.
762 5336 933 5398 eonomine,
946 5339 1113 5390 memorabor.
1325 5345 1429 5388 rectum
1695 5339 1749 5402 (te.
1773 5337 1885 5389 Obscum
1924 5339 2008 5406 itaque
2047 5354 2092 5390 nos

303 5421 340 5462 νε.
355 5411 458 5472 ludina,
469 5413 577 5464 domine.
762 5425 804 5465 tr.
824 5413 947 5478 (Obsemo
969 5431 1015 5467 uos
1032 5431 1063 5467 ne
1085 5414 1145 5468 defi·
1254 5424 1291 5464 rs.
1304 5414 1374 5465 Beati
1385 5412 1539 5468 inmaculati.
1798 5431 1855 5482 ego.

303 5499 330 5538 a.
341 5488 478 5540 timebunt
488 5497 582 5557 gentes.
850 5490 931 5542 cistis.
1253 5505 1282 5546 R.
1292 5493 1375 5544 Unum
1387 5493 1456 5560 petii.
1695 5504 1742 5544 av.
1758 5493 1825 5546 Cum
1843 5494 1945 5547 intraret
1962 5494 2043 5547 ihesus
2065 5493 2092 5544 in

303 5577 323 5615 v
343 5567 469 5632 Quoniam
480 5568 613 5621 edificabit.
762 5578 808 5620 tv,
820 5567 878 5619 Ibat
889 5568 991 5634 ihesus).
1254 5581 1282 5622 v,
1293 5571 1328 5622 Ut
1339 5569 1439 5624 indeam
1450 5569 1519 5624 uolo.
1767 5571 1889 5638 domum).

300 5645 664 5710 AkLuudatedmmomues.
1224 5645 1317 5717 fflip,
1332 5650 1386 5716 184
1680 5648 1746 5701 ⁸1b.

1808 5745 1834 5800 R
