5148 6612
988 527 1045 604 De
1072 528 1233 622 &inputo
1259 527 1492 614 &maiestas
2120 559 2162 610 21

312 744 363 803 per
382 724 467 786 huius
491 725 582 787 sancti
603 727 727 787 martiris
749 727 799 801 tui,
820 727 869 788 uel
889 727 1067 790 confessoris
1087 729 1136 790 .N.
1160 731 1211 810 qui
1602 733 1831 796 postcommunio.

312 822 341 878 in
354 821 480 897 presenti
494 822 649 899 requiescit
664 820 793 898 ecclesia,
809 823 911 883 merita
929 822 1074 902 gloriosa3
1096 832 1129 884 ut
1149 823 1210 884 eius
1303 841 1414 902 Diuina
1429 841 1553 903 libantes
1571 843 1708 920 mystffl
1722 860 1780 921 que
1796 859 1851 920 pro
1870 839 1956 902 huius
1975 841 2069 903 sancti
2086 862 2163 905 mar.

311 917 358 992 pia
389 915 594 977 intercessione
621 919 660 978 ab
687 918 826 980 omnibus
855 931 1044 999 protegamur
1071 921 1210 983 aduersis.
1262 936 1323 996 tisis
1351 936 1398 996 ue]
1433 935 1609 997 confessofis
1636 936 1684 996 Ν,
1712 938 1901 997 ueneratione
1928 947 1977 1013 eug
2005 938 2163 1000 obtulimus

309 1007 372 1069 Per·
1262 1029 1412 1104 maiestati,
1435 1040 1541 1108 presta,
1562 1031 1690 1104 domine,
1711 1049 1880 1109 quesumus,
1899 1042 1931 1092 ut
1953 1050 2092 1110 peream
2111 1051 2162 1092 ue·

698 1094 820 1155 Sm‘la·
1262 1124 1342 1184 niam
1362 1143 1527 1185 mereamur
1547 1134 1744 1202 peccatorum,
1758 1135 1788 1186 et
1805 1125 1921 1188 celestis
1937 1126 2030 1205 gratie
2049 1126 2161 1186 reficia-

349 1201 493 1280 Suscipiat
507 1204 660 1264 clementia
675 1217 731 1280 tua,
747 1207 876 1281 domine,
886 1225 1055 1286 quesumus,
1065 1209 1103 1270 de
1116 1209 1211 1269 mani·
1261 1238 1328 1279 mur
1349 1219 1443 1280 donis.
1485 1219 1541 1279 Per
1548 1217 1569 1282 ¹.

311 1297 365 1357 bus
386 1299 494 1358 nostris
515 1317 623 1360 munus
647 1300 787 1376 oblatum,
810 1311 839 1362 et
863 1321 916 1381 per
938 1302 1024 1363 huius
1047 1303 1140 1365 sancti
1162 1302 1210 1364 .N.

308 1391 408 1452 merita
423 1393 460 1452 ab
474 1393 610 1455 omnibus
624 1413 681 1456 nos
694 1396 835 1457 emundet
849 1398 984 1476 peccatis
1024 1397 1087 1459 Per.
1410 1410 1420 1441 ¹
1434 1411 1550 1464 Theren
1562 1411 1649 1462 otthis
1660 1427 1726 1479 page
1738 1411 1794 1477 (sot
1807 1425 1837 1478 ³7
1847 1412 1885 1477 b.)
1897 1411 2014 1466 ablani.

767 2323 863 2430 [DE
905 2327 1179 2403 COMPUTO
1222 2327 1690 2430 ECCLESIASTICO]

350 2597 585 2681 Inquirendum
599 2603 649 2660 est
661 2613 764 2676 quare
774 2593 893 2658 dicitur
902 2592 1048 2658 bisexus.
1072 2593 1203 2659 Dicitur
1253 2596 1315 2678 celi
1329 2603 1454 2662 statuta
1470 2605 1557 2661 sunt.
1602 2595 1723 2660 Nullus
1738 2595 1810 2661 dies
1828 2595 1906 2661 solis
1929 2597 1999 2662 sine
2014 2598 2057 2662 de
2079 2598 2157 2664 lune

304 2687 440 2750 bisexus
456 2694 590 2768 propter
603 2681 655 2746 his
669 2681 832 2747 kalendas
844 2681 1041 2758 nominatas,
1054 2691 1088 2746 et
1103 2691 1140 2746 ut
1156 2680 1201 2745 dii
1254 2683 1325 2762 suit,
1341 2694 1375 2749 et
1397 2683 1425 2747 si
1448 2683 1650 2766 intellegitur
1664 2683 1727 2748 hoe
1746 2683 1982 2761 testimonium,
1999 2686 2050 2750 eui
2067 2686 2156 2750 nulla

304 2773 438 2856 quando
461 2771 643 2854 opugnauit
665 2770 756 2833 iosue
778 2767 811 2832 in
833 2777 922 2832 terra
942 2768 1075 2852 gabaon
1095 2770 1202 2833 orauit
1253 2771 1303 2834 uis
1319 2780 1370 2836 est
1385 2790 1461 2835 cum
1476 2770 1631 2846 tenebris,
1647 2771 1682 2834 id
1700 2780 1760 2846 est,
1777 2791 1852 2836 cum
1874 2771 1961 2848 luna,
1978 2792 2055 2836 nam
2078 2773 2166 2837 luna·

304 2860 348 2924 ad
364 2859 536 2924 dominum
560 2866 596 2921 ut
618 2863 721 2920 staret
744 2855 796 2920 sol
813 2855 918 2919 tribus
933 2856 998 2920 oris
1021 2855 1055 2918 in
1071 2855 1152 2935 celo,
1168 2865 1202 2921 et
1253 2877 1313 2939 pro
1328 2859 1473 2924 tenebris
1494 2858 1621 2934 dicitur,
1635 2858 1716 2921 dum
1740 2858 1884 2922 tenebris
1907 2860 2019 2941 presit.
2064 2860 2154 2924 Nam

304 2967 362 3030 per
376 2947 542 3029 optineret
557 2943 738 3008 uictoriam.
776 2943 823 3008 Et
838 2944 886 3007 ita
900 2943 1025 3007 sactum
1041 2952 1092 3007 est
1107 2943 1201 3026 quasi
1252 2944 1307 3010 hic
1329 2945 1434 3010 saltus
1457 2945 1513 3029 qui
1538 2946 1571 3009 in
1597 2943 1661 3010 hoc
1687 2945 1758 3009 sole
1780 2943 1923 3010 habetur
1947 2966 2014 3010 non
2040 2957 2091 3012 est
2121 2949 2154 3012 in

304 3035 398 3098 annis
421 3032 559 3116 singulis
582 3032 644 3114 ipsi
666 3031 746 3095 hore
760 3031 964 3095 adcrescunt.
1009 3029 1056 3094 Et
1078 3030 1111 3093 in
1134 3040 1202 3095 tres
1252 3051 1340 3096 anno
1367 3045 1428 3097 ,1x.
1458 3032 1537 3096 luna
1565 3031 1702 3096 bisexus
1731 3052 1798 3096 non
1828 3033 1999 3114 perturbat
2021 3053 2153 3098 cursum

301 3141 407 3184 annos
424 3121 468 3184 ad
483 3128 635 3202 quartam
651 3117 776 3182 faciunt
796 3137 898 3182 unum
918 3118 1016 3181 diem.
1061 3116 1108 3182 Et
1130 3117 1201 3200 ipse
1252 3128 1441 3200 epactarum
1456 3118 1544 3196 luna,
1560 3129 1594 3184 et
1610 3129 1661 3184 est
1676 3117 1779 3182 saltus
1795 3119 1898 3183 uilum
1913 3120 1965 3184 cui
1988 3120 2079 3184 nulla
2101 3123 2152 3185 uis

301 3208 372 3272 dies
386 3208 506 3272 dicitur
520 3206 657 3270 bisexus
676 3205 760 3270 duos
781 3205 853 3270 dies
876 3205 1202 3269 ebdomadis‘contra
1251 3226 1327 3270 cum
1342 3206 1465 3282 soleris,
1482 3203 1556 3271 cui¹
1571 3205 1661 3270 nulla
1677 3207 1726 3270 uis
1741 3226 1816 3271 cum
1836 3206 1951 3271 soleris
1961 3204 1983 3282 ¹,
1995 3206 2086 3271 nulla
2102 3209 2152 3273 uis

301 3314 403 3358 unum
426 3295 524 3371 diem,
539 3293 629 3357 diem
645 3293 776 3368 mensis,
793 3302 828 3357 et
850 3301 964 3356 contra
987 3311 1088 3355 unum
1111 3291 1200 3356 diem
1252 3303 1302 3358 est
1318 3313 1393 3358 cum
1414 3293 1504 3371 sole;
1527 3313 1605 3356 nam
1628 3293 1736 3357 bisexi
1758 3292 1829 3356 dies
1852 3294 1884 3358 in
1907 3293 2025 3358 diebus
2048 3295 2151 3359 ebdo-

301 3381 377 3446 lune
399 3382 492 3465 quasi
513 3401 597 3444 unus
619 3380 690 3444 dies
712 3388 914 3462 reputantur,
932 3387 969 3442 ut
992 3388 1044 3443 est
1066 3398 1086 3442 a
1108 3379 1199 3443 uerbi
1252 3381 1359 3444 madis
1381 3381 1539 3456 abundat,
1557 3390 1591 3444 et
1613 3380 1647 3444 in
1669 3381 1786 3445 diebus
1810 3379 1881 3444 dies
1902 3381 2024 3445 mensis
2044 3382 2077 3445 in
2100 3383 2150 3447 bi-

299 3468 406 3551 gratia
421 3481 476 3532 ,vn
494 3466 655 3532 kalendas
668 3465 769 3530 hodie
788 3479 846 3530 .vl.
861 3465 1021 3530 kalendas
1036 3485 1116 3542 cras,
1134 3486 1199 3530 non
1250 3476 1358 3544 sexto,
1382 3475 1420 3532 ut
1449 3468 1569 3532 dicitur
1595 3473 1667 3532 ‚vl⁰.
1693 3467 1758 3532 kal.
1784 3465 1885 3532 hodie
1911 3476 1947 3532 et
1982 3473 2054 3532 ‚vl⁰.
2083 3468 2149 3534 kal.

299 3555 425 3638 primus
448 3565 640 3619 numeratur
662 3554 722 3618 sed
747 3564 835 3619 retro
858 3552 1013 3636 exigitur.
1058 3552 1199 3617 Bisexus
1249 3575 1321 3619 cras
1347 3556 1403 3620 ita.
1448 3555 1495 3619 Et
1519 3564 1591 3620 etas
1620 3554 1708 3618 lunae
1736 3555 1932 3637 geminatur,
1958 3564 1996 3620 ut
2020 3555 2149 3630 dicitur,

299 3642 414 3706 solaris
436 3650 576 3706 euentus
591 3641 643 3707 cui
666 3640 756 3704 nulla
771 3641 821 3704 uis
836 3649 888 3704 est
903 3660 979 3705 cum
994 3640 1147 3716 tenebris,
1164 3642 1198 3705 id
1250 3642 1341 3706 uerbi
1364 3662 1472 3718 causa,
1496 3643 1640 3707 secunda
1663 3640 1774 3719 hodie,
1797 3644 1943 3707 secunda
1966 3663 2046 3706 cras·
2092 3643 2148 3708 Ob

299 3739 359 3807 est,
374 3730 408 3793 in
430 3728 509 3796 luna
532 3737 643 3793 motus
665 3728 801 3810 quidam
824 3727 948 3806 solaris,
963 3727 1015 3791 cui
1037 3725 1128 3791 nulla
1148 3727 1198 3791 uis
1248 3727 1311 3793 hoc
1341 3737 1423 3794 aetas
1452 3728 1540 3792 lunae
1568 3729 1756 3812 geminatur
1785 3749 1828 3792 ne
1856 3729 1890 3793 in
1921 3740 2027 3793 marte
2060 3728 2146 3806 luna,

299 3825 351 3881 est
376 3837 451 3880 cum
478 3815 624 3881 tenebris
653 3813 711 3878 ille
736 3814 812 3892 diei,
839 3814 873 3879 id
903 3822 963 3890 est,
988 3834 1063 3879 cum
1089 3822 1196 3878 nocte.
1248 3815 1400 3880 februarii
1425 3816 1598 3892 inuenitur,
1622 3836 1700 3879 nam
1722 3815 1801 3880 luna
1823 3816 1938 3881 martis
1961 3829 2061 3881 xxx.
2086 3828 2146 3894 est,

300 3903 376 3967 Hoc
400 3923 467 3967 non
492 3913 544 3968 est
567 3901 681 3979 sacile3
713 3901 822 3966 nullus
848 3902 936 3966 enim
959 3901 1030 3965 dies
1052 3911 1103 3966 est
1127 3902 1197 3965 sine
1247 3904 1307 3967 sed
1315 3912 1430 3968 tamen
1442 3903 1497 3968 ille
1509 3924 1614 3968 annus
1626 3903 1659 3967 in
1670 3923 1737 3987 quo
1747 3904 1789 3968 sit
1800 3903 1937 3969 bisexus
1948 3917 2147 3968 .Ccc.Lx.v1.

297 3999 403 4068 nocte,
427 3997 462 4054 et
486 3989 583 4054 aliter
605 3990 657 4054 cui
681 3987 771 4052 nulla
797 3989 848 4052 uis
872 3999 931 4067 est,
953 3987 1007 4052 hic
1032 3988 1103 4053 dies
1130 4009 1197 4052 non
1246 3991 1318 4054 dies
1332 3989 1445 4056 habet

295 4077 399 4142 habet
421 4085 557 4141 aetatem
579 4076 677 4152 lunae,
700 4076 791 4157 quod
813 4096 879 4139 non
902 4085 953 4140 est
975 4075 1069 4141 facile
1090 4076 1133 4139 ab
1156 4095 1197 4140 eo

296 4173 446 4247 ternpore
462 4165 551 4247 quod
575 4163 635 4246 hec
650 4165 718 4228 duo
738 4163 912 4229 luminaria
934 4163 968 4226 in
985 4162 1196 4228 firmamento
1323 4179 1626 4246 ¹·1Linedthroughour.
1658 4179 1714 4230 The
1724 4179 2074 4247 wholepassngeisoonupt.
