<?xml version="1.0" encoding="UTF-8"?>
<!DOCTYPE html PUBLIC "-//W3C//DTD XHTML 1.0 Transitional//EN"
    "http://www.w3.org/TR/xhtml1/DTD/xhtml1-transitional.dtd">
<html xmlns="http://www.w3.org/1999/xhtml" xml:lang="en" lang="en">
 <head>
  <title>
</title>
<meta http-equiv="Content-Type" content="text/html;charset=utf-8" />
  <meta name='ocr-system' content='tesseract 3.04.00' />
  <meta name='ocr-capabilities' content='ocr_page ocr_carea ocr_par ocr_line ocrx_word'/>
</head>
<body>
  <div class='ocr_page' id='page_1' title='image "./leofricmissalas00cathgoog_0221.png"; bbox 0 0 5122 6610; ppageno 0'>
   <div class='ocr_carea' id='block_1_1' title="bbox 662 568 1148 664">
    <p class='ocr_par' dir='ltr' id='par_1_1' title="bbox 662 568 1148 664">
     <span class='ocr_line' id='line_1_1' title="bbox 662 568 1148 664; baseline 0.004 -18"><span class='ocrx_word' id='word_1_1' title='bbox 662 571 785 660; x_wconf 64' lang='lat' dir='ltr'>finti.</span> <span class='ocrx_word' id='word_1_2' title='bbox 801 568 852 657; x_wconf 59' lang='grc' dir='ltr'>ὦ.</span> <span class='ocrx_word' id='word_1_3' title='bbox 869 571 1027 655; x_wconf 69' lang='lat' dir='ltr'>idiunt</span> <span class='ocrx_word' id='word_1_4' title='bbox 1045 571 1148 664; x_wconf 73' lang='lat' dir='ltr'>turn</span> 
     </span>
    </p>
   </div>
   <div class='ocr_carea' id='block_1_2' title="bbox 460 577 529 663">
    <p class='ocr_par' dir='ltr' id='par_1_2' title="bbox 460 577 529 663">
     <span class='ocr_line' id='line_1_2' title="bbox 460 577 529 663; baseline 0.029 -19"><span class='ocrx_word' id='word_1_5' title='bbox 460 577 529 663; x_wconf 88' lang='lat'>146</span> 
     </span>
    </p>
   </div>
   <div class='ocr_carea' id='block_1_3' title="bbox 453 770 1357 958">
    <p class='ocr_par' dir='ltr' id='par_1_3' title="bbox 453 770 1357 958">
     <span class='ocr_line' id='line_1_3' title="bbox 453 770 1357 854; baseline -0.001 -18"><span class='ocrx_word' id='word_1_6' title='bbox 453 771 629 836; x_wconf 81' lang='lat' dir='ltr'>comitetur</span> <span class='ocrx_word' id='word_1_7' title='bbox 647 770 762 848; x_wconf 92' lang='lat' dir='ltr'>oratio,</span> <span class='ocrx_word' id='word_1_8' title='bbox 785 779 819 834; x_wconf 90' lang='lat' dir='ltr'>et</span> <span class='ocrx_word' id='word_1_9' title='bbox 846 789 947 854; x_wconf 90' lang='lat' dir='ltr'>quern</span> <span class='ocrx_word' id='word_1_10' title='bbox 971 778 1147 835; x_wconf 90' lang='lat' dir='ltr'>uenturum</span> <span class='ocrx_word' id='word_1_11' title='bbox 1172 790 1245 835; x_wconf 91' lang='lat' dir='ltr'>esse</span> <span class='ocrx_word' id='word_1_12' title='bbox 1271 791 1357 854; x_wconf 86' lang='lat' dir='ltr'>prae·</span> 
     </span>
     <span class='ocr_line' id='line_1_4' title="bbox 453 867 1191 958; baseline -0.003 -22"><span class='ocrx_word' id='word_1_13' title='bbox 453 872 540 938; x_wconf 85' lang='lat' dir='ltr'>dixit</span> <span class='ocrx_word' id='word_1_14' title='bbox 555 880 671 958; x_wconf 85' lang='lat' dir='ltr'>poscat</span> <span class='ocrx_word' id='word_1_15' title='bbox 686 871 782 937; x_wconf 85' lang='lat' dir='ltr'>nobis</span> <span class='ocrx_word' id='word_1_16' title='bbox 796 869 866 934; x_wconf 86' lang='lat' dir='ltr'>iore</span> <span class='ocrx_word' id='word_1_17' title='bbox 881 867 1060 956; x_wconf 89' lang='lat' dir='ltr'>placatum.</span> <span class='ocrx_word' id='word_1_18' title='bbox 1106 869 1191 934; x_wconf 69' lang='lat' dir='ltr'>Pers</span> 
     </span>
    </p>
   </div>
   <div class='ocr_carea' id='block_1_4' title="bbox 467 1127 1343 1352">
    <p class='ocr_par' dir='ltr' id='par_1_4' title="bbox 467 1127 1343 1352">
     <span class='ocr_line' id='line_1_5' title="bbox 467 1127 1343 1211; baseline -0.003 -13"><span class='ocrx_word' id='word_1_19' title='bbox 467 1129 580 1198; x_wconf 61' lang='lat' dir='ltr'>otii.</span> <span class='ocrx_word' id='word_1_20' title='bbox 593 1128 654 1194; x_wconf 78' lang='lat' dir='ltr'>lut</span> <span class='ocrx_word' id='word_1_21' title='bbox 668 1129 719 1193; x_wconf 78' lang='lat' dir='ltr'>tut</span> <span class='ocrx_word' id='word_1_22' title='bbox 749 1127 910 1194; x_wconf 72' lang='lat' dir='ltr'>Natiuitas</span> <span class='ocrx_word' id='word_1_23' title='bbox 924 1129 1021 1194; x_wconf 73' lang='lat' dir='ltr'>sanni</span> <span class='ocrx_word' id='word_1_24' title='bbox 1034 1127 1168 1206; x_wconf 57' lang='lat' dir='ltr'>mannis</span> <span class='ocrx_word' id='word_1_25' title='bbox 1182 1129 1343 1211; x_wconf 50' lang='lat' dir='ltr'>baptista&amp;</span> 
     </span>
     <span class='ocr_line' id='line_1_6' title="bbox 755 1261 1138 1352; baseline 0.005 -27"><span class='ocrx_word' id='word_1_26' title='bbox 755 1261 799 1326; x_wconf 88' lang='lat' dir='ltr'>In</span> <span class='ocrx_word' id='word_1_27' title='bbox 806 1263 922 1344; x_wconf 81' lang='lat' dir='ltr'>prima</span> <span class='ocrx_word' id='word_1_28' title='bbox 937 1262 1048 1328; x_wconf 75' lang='lat' dir='ltr'>missa.</span> <span class='ocrx_word' id='word_1_29' title='bbox 1134 1341 1138 1352; x_wconf 32' lang='grc'><strong><em>1</em></strong></span> 
     </span>
    </p>
   </div>
   <div class='ocr_carea' id='block_1_5' title="bbox 451 1386 1358 1673">
    <p class='ocr_par' dir='ltr' id='par_1_5' title="bbox 451 1386 1358 1673">
     <span class='ocr_line' id='line_1_7' title="bbox 497 1386 1357 1471; baseline 0 -19"><span class='ocrx_word' id='word_1_30' title='bbox 497 1387 660 1468; x_wconf 84' lang='lat' dir='ltr'>Concede,</span> <span class='ocrx_word' id='word_1_31' title='bbox 683 1407 872 1470; x_wconf 86' lang='lat' dir='ltr'>quesumus,</span> <span class='ocrx_word' id='word_1_32' title='bbox 893 1386 1106 1471; x_wconf 88' lang='lat' dir='ltr'>omnipotens</span> <span class='ocrx_word' id='word_1_33' title='bbox 1127 1387 1221 1464; x_wconf 87' lang='lat' dir='ltr'>deus,</span> <span class='ocrx_word' id='word_1_34' title='bbox 1242 1398 1279 1453; x_wconf 91' lang='lat' dir='ltr'>ut</span> <span class='ocrx_word' id='word_1_35' title='bbox 1300 1389 1357 1471; x_wconf 93' lang='lat' dir='ltr'>qui</span> 
     </span>
     <span class='ocr_line' id='line_1_8' title="bbox 451 1486 1358 1571; baseline -0.002 -17"><span class='ocrx_word' id='word_1_36' title='bbox 451 1487 542 1556; x_wconf 91' lang='lat' dir='ltr'>beati</span> <span class='ocrx_word' id='word_1_37' title='bbox 564 1486 716 1552; x_wconf 85' lang='lat' dir='ltr'>iohannis</span> <span class='ocrx_word' id='word_1_38' title='bbox 740 1486 886 1570; x_wconf 85' lang='lat' dir='ltr'>baptiste</span> <span class='ocrx_word' id='word_1_39' title='bbox 907 1486 1105 1571; x_wconf 86' lang='lat' dir='ltr'>sollempnia</span> <span class='ocrx_word' id='word_1_40' title='bbox 1127 1487 1265 1553; x_wconf 87' lang='lat' dir='ltr'>colimus</span> <span class='ocrx_word' id='word_1_41' title='bbox 1288 1487 1358 1555; x_wconf 89' lang='lat' dir='ltr'>eius</span> 
     </span>
     <span class='ocr_line' id='line_1_9' title="bbox 451 1585 1187 1673; baseline -0.005 -19"><span class='ocrx_word' id='word_1_42' title='bbox 451 1586 541 1673; x_wconf 84' lang='lat' dir='ltr'>apud</span> <span class='ocrx_word' id='word_1_43' title='bbox 557 1595 592 1653; x_wconf 92' lang='lat' dir='ltr'>te</span> <span class='ocrx_word' id='word_1_44' title='bbox 610 1585 844 1654; x_wconf 86' lang='lat' dir='ltr'>intercessione</span> <span class='ocrx_word' id='word_1_45' title='bbox 860 1587 1055 1650; x_wconf 83' lang='lat' dir='ltr'>muniamur.</span> <span class='ocrx_word' id='word_1_46' title='bbox 1102 1586 1187 1652; x_wconf 70' lang='lat' dir='ltr'>Pers</span> 
     </span>
    </p>
   </div>
   <div class='ocr_carea' id='block_1_6' title="bbox 836 1761 974 1827">
    <p class='ocr_par' dir='ltr' id='par_1_6' title="bbox 836 1761 974 1827">
     <span class='ocr_line' id='line_1_10' title="bbox 836 1761 974 1827; baseline 0 -1"><span class='ocrx_word' id='word_1_47' title='bbox 836 1761 974 1827; x_wconf 82' lang='lat' dir='ltr'>Secreta.</span> 
     </span>
    </p>
   </div>
   <div class='ocr_carea' id='block_1_7' title="bbox 454 1886 1361 2173">
    <p class='ocr_par' dir='ltr' id='par_1_7' title="bbox 454 1886 1361 2173">
     <span class='ocr_line' id='line_1_11' title="bbox 496 1886 1359 1968; baseline -0.003 -15"><span class='ocrx_word' id='word_1_48' title='bbox 496 1890 646 1962; x_wconf 86' lang='lat' dir='ltr'>Munera,</span> <span class='ocrx_word' id='word_1_49' title='bbox 672 1888 815 1965; x_wconf 90' lang='lat' dir='ltr'>domine,</span> <span class='ocrx_word' id='word_1_50' title='bbox 840 1886 1157 1968; x_wconf 82' lang='lat' dir='ltr'>oblata&#39;sanctifica,</span> <span class='ocrx_word' id='word_1_51' title='bbox 1187 1897 1228 1965; x_wconf 92' lang='lat' dir='ltr'>et,</span> <span class='ocrx_word' id='word_1_52' title='bbox 1261 1890 1359 1952; x_wconf 90' lang='lat' dir='ltr'>inter·</span> 
     </span>
     <span class='ocr_line' id='line_1_12' title="bbox 454 1986 1359 2072; baseline -0.002 -18"><span class='ocrx_word' id='word_1_53' title='bbox 454 1988 596 2054; x_wconf 90' lang='lat' dir='ltr'>cedente</span> <span class='ocrx_word' id='word_1_54' title='bbox 618 1987 719 2052; x_wconf 92' lang='lat' dir='ltr'>beato</span> <span class='ocrx_word' id='word_1_55' title='bbox 740 1986 882 2053; x_wconf 91' lang='lat' dir='ltr'>iohanne</span> <span class='ocrx_word' id='word_1_56' title='bbox 904 1987 1060 2071; x_wconf 84' lang='lat' dir='ltr'>baptista,</span> <span class='ocrx_word' id='word_1_57' title='bbox 1082 2008 1143 2053; x_wconf 91' lang='lat' dir='ltr'>nos</span> <span class='ocrx_word' id='word_1_58' title='bbox 1165 2009 1224 2072; x_wconf 89' lang='lat' dir='ltr'>per</span> <span class='ocrx_word' id='word_1_59' title='bbox 1244 1988 1316 2052; x_wconf 85' lang='lat' dir='ltr'>haec</span> <span class='ocrx_word' id='word_1_60' title='bbox 1338 2008 1359 2052; x_wconf 93' lang='lat' dir='ltr'>a</span> 
     </span>
     <span class='ocr_line' id='line_1_13' title="bbox 454 2087 1361 2173; baseline -0.003 -20"><span class='ocrx_word' id='word_1_61' title='bbox 454 2095 668 2173; x_wconf 89' lang='lat' dir='ltr'>peccatorum</span> <span class='ocrx_word' id='word_1_62' title='bbox 700 2095 887 2152; x_wconf 88' lang='lat' dir='ltr'>nostrorum</span> <span class='ocrx_word' id='word_1_63' title='bbox 925 2087 1063 2156; x_wconf 86' lang='lat' dir='ltr'>maculis</span> <span class='ocrx_word' id='word_1_64' title='bbox 1093 2089 1246 2154; x_wconf 86' lang='lat' dir='ltr'>emunda</span> <span class='ocrx_word' id='word_1_65' title='bbox 1298 2089 1361 2152; x_wconf 91' lang='lat' dir='ltr'>Per</span> 
     </span>
    </p>
   </div>
   <div class='ocr_carea' id='block_1_8' title="bbox 455 2189 1055 2359">
    <p class='ocr_par' dir='ltr' id='par_1_8' title="bbox 455 2189 1055 2359">
     <span class='ocr_line' id='line_1_14' title="bbox 455 2189 652 2254; baseline -0.01 0"><span class='ocrx_word' id='word_1_66' title='bbox 455 2189 652 2254; x_wconf 72' lang='lat' dir='ltr'>dominum</span> 
     </span>
     <span class='ocr_line' id='line_1_15' title="bbox 756 2271 1055 2359; baseline 0.007 -24"><span class='ocrx_word' id='word_1_67' title='bbox 756 2271 818 2336; x_wconf 83' lang='lat' dir='ltr'>Ad</span> <span class='ocrx_word' id='word_1_68' title='bbox 827 2271 1055 2359; x_wconf 79' lang='lat' dir='ltr'>complendum.</span> 
     </span>
    </p>
   </div>
   <div class='ocr_carea' id='block_1_9' title="bbox 456 2399 1360 2762">
    <p class='ocr_par' dir='ltr' id='par_1_9' title="bbox 456 2399 1360 2762">
     <span class='ocr_line' id='line_1_16' title="bbox 499 2399 1359 2484; baseline 0.003 -23"><span class='ocrx_word' id='word_1_69' title='bbox 499 2399 632 2473; x_wconf 76' lang='lat' dir='ltr'>Praesta,</span> <span class='ocrx_word' id='word_1_70' title='bbox 661 2418 852 2481; x_wconf 90' lang='lat' dir='ltr'>quesumus,</span> <span class='ocrx_word' id='word_1_71' title='bbox 882 2400 1094 2484; x_wconf 90' lang='lat' dir='ltr'>omnipotens</span> <span class='ocrx_word' id='word_1_72' title='bbox 1124 2400 1214 2478; x_wconf 89' lang='lat' dir='ltr'>deus,</span> <span class='ocrx_word' id='word_1_73' title='bbox 1240 2409 1277 2464; x_wconf 94' lang='lat' dir='ltr'>ut</span> <span class='ocrx_word' id='word_1_74' title='bbox 1303 2401 1359 2483; x_wconf 91' lang='lat' dir='ltr'>qui</span> 
     </span>
     <span class='ocr_line' id='line_1_17' title="bbox 456 2496 1360 2584; baseline 0 -20"><span class='ocrx_word' id='word_1_75' title='bbox 456 2497 601 2564; x_wconf 86' lang='lat' dir='ltr'>caelestia</span> <span class='ocrx_word' id='word_1_76' title='bbox 617 2496 776 2562; x_wconf 87' lang='lat' dir='ltr'>alimenta</span> <span class='ocrx_word' id='word_1_77' title='bbox 791 2499 1008 2584; x_wconf 85' lang='lat' dir='ltr'>percepimus,</span> <span class='ocrx_word' id='word_1_78' title='bbox 1021 2498 1247 2565; x_wconf 90' lang='lat' dir='ltr'>intercedente</span> <span class='ocrx_word' id='word_1_79' title='bbox 1259 2498 1360 2564; x_wconf 91' lang='lat' dir='ltr'>beato</span> 
     </span>
     <span class='ocr_line' id='line_1_18' title="bbox 456 2595 1359 2682; baseline 0.002 -22"><span class='ocrx_word' id='word_1_80' title='bbox 456 2596 598 2661; x_wconf 90' lang='lat' dir='ltr'>iohanne</span> <span class='ocrx_word' id='word_1_81' title='bbox 613 2595 770 2681; x_wconf 86' lang='lat' dir='ltr'>baptista,</span> <span class='ocrx_word' id='word_1_82' title='bbox 785 2617 846 2682; x_wconf 92' lang='lat' dir='ltr'>per</span> <span class='ocrx_word' id='word_1_83' title='bbox 859 2596 931 2662; x_wconf 85' lang='lat' dir='ltr'>haec</span> <span class='ocrx_word' id='word_1_84' title='bbox 954 2607 1068 2664; x_wconf 92' lang='lat' dir='ltr'>contra</span> <span class='ocrx_word' id='word_1_85' title='bbox 1090 2596 1202 2663; x_wconf 88' lang='lat' dir='ltr'>omnia</span> <span class='ocrx_word' id='word_1_86' title='bbox 1220 2598 1359 2662; x_wconf 91' lang='lat' dir='ltr'>aduersa</span> 
     </span>
     <span class='ocr_line' id='line_1_19' title="bbox 456 2697 785 2762; baseline 0 -1"><span class='ocrx_word' id='word_1_87' title='bbox 456 2697 651 2762; x_wconf 88' lang='lat' dir='ltr'>muniamur.</span> <span class='ocrx_word' id='word_1_88' title='bbox 698 2698 785 2761; x_wconf 65' lang='lat' dir='ltr'>Per.⁷</span> 
     </span>
    </p>
   </div>
   <div class='ocr_carea' id='block_1_10' title="bbox 786 2898 1026 2964">
    <p class='ocr_par' dir='ltr' id='par_1_10' title="bbox 786 2898 1026 2964">
     <span class='ocr_line' id='line_1_20' title="bbox 786 2898 1026 2964; baseline -0.008 0"><span class='ocrx_word' id='word_1_89' title='bbox 786 2898 889 2964; x_wconf 72' lang='lat' dir='ltr'>Statio</span> <span class='ocrx_word' id='word_1_90' title='bbox 906 2900 937 2963; x_wconf 87' lang='lat' dir='ltr'>tn</span> <span class='ocrx_word' id='word_1_91' title='bbox 951 2900 996 2964; x_wconf 75' lang='lat' dir='ltr'>tte</span> <span class='ocrx_word' id='word_1_92' title='bbox 1005 2904 1026 2962; x_wconf 75' lang='lat'>⁹.</span> 
     </span>
    </p>
   </div>
   <div class='ocr_carea' id='block_1_11' title="bbox 795 3028 1012 3097">
    <p class='ocr_par' dir='ltr' id='par_1_11' title="bbox 795 3028 1012 3097">
     <span class='ocr_line' id='line_1_21' title="bbox 795 3028 1012 3097; baseline 0.014 -4"><span class='ocrx_word' id='word_1_93' title='bbox 795 3028 857 3096; x_wconf 79' lang='lat' dir='ltr'>Ad</span> <span class='ocrx_word' id='word_1_94' title='bbox 868 3031 1012 3097; x_wconf 65' lang='lat' dir='ltr'>mabsam.</span> 
     </span>
    </p>
   </div>
   <div class='ocr_carea' id='block_1_12' title="bbox 456 3155 1359 3720">
    <p class='ocr_par' dir='ltr' id='par_1_12' title="bbox 456 3155 1359 3620">
     <span class='ocr_line' id='line_1_22' title="bbox 499 3155 1358 3235; baseline 0.002 -17"><span class='ocrx_word' id='word_1_95' title='bbox 499 3155 616 3233; x_wconf 69' lang='lat' dir='ltr'>Deus</span> <span class='ocrx_word' id='word_1_96' title='bbox 632 3169 702 3235; x_wconf 83' lang='lat' dir='ltr'>QUI</span> <span class='ocrx_word' id='word_1_97' title='bbox 725 3168 974 3224; x_wconf 76' lang='lat' dir='ltr'>PRAESENTEM</span> <span class='ocrx_word' id='word_1_98' title='bbox 997 3169 1096 3221; x_wconf 80' lang='lat' dir='ltr'>oran</span> <span class='ocrx_word' id='word_1_99' title='bbox 1121 3156 1358 3221; x_wconf 71' lang='lat' dir='ltr'>sonorabilem</span> 
     </span>
     <span class='ocr_line' id='line_1_23' title="bbox 457 3255 1359 3333; baseline 0.001 -15"><span class='ocrx_word' id='word_1_100' title='bbox 457 3255 553 3322; x_wconf 87' lang='lat' dir='ltr'>nobis</span> <span class='ocrx_word' id='word_1_101' title='bbox 575 3255 610 3320; x_wconf 91' lang='lat' dir='ltr'>in</span> <span class='ocrx_word' id='word_1_102' title='bbox 646 3256 738 3321; x_wconf 88' lang='lat' dir='ltr'>beati</span> <span class='ocrx_word' id='word_1_103' title='bbox 774 3255 926 3324; x_wconf 90' lang='lat' dir='ltr'>iohannis</span> <span class='ocrx_word' id='word_1_104' title='bbox 958 3256 1133 3323; x_wconf 86' lang='lat' dir='ltr'>natiuitate</span> <span class='ocrx_word' id='word_1_105' title='bbox 1164 3255 1280 3333; x_wconf 87' lang='lat' dir='ltr'>iecisti,</span> <span class='ocrx_word' id='word_1_106' title='bbox 1315 3255 1359 3320; x_wconf 94' lang='lat' dir='ltr'>da</span> 
     </span>
     <span class='ocr_line' id='line_1_24' title="bbox 456 3354 1359 3442; baseline -0.001 -23"><span class='ocrx_word' id='word_1_107' title='bbox 456 3354 588 3440; x_wconf 90' lang='lat' dir='ltr'>populis</span> <span class='ocrx_word' id='word_1_108' title='bbox 610 3356 676 3422; x_wconf 91' lang='lat' dir='ltr'>tuis</span> <span class='ocrx_word' id='word_1_109' title='bbox 699 3356 896 3439; x_wconf 87' lang='lat' dir='ltr'>spiritalium</span> <span class='ocrx_word' id='word_1_110' title='bbox 926 3355 1066 3439; x_wconf 85' lang='lat' dir='ltr'>gratiam</span> <span class='ocrx_word' id='word_1_111' title='bbox 1096 3356 1301 3442; x_wconf 82' lang='lat' dir='ltr'>gaudiorum,</span> <span class='ocrx_word' id='word_1_112' title='bbox 1325 3363 1359 3419; x_wconf 94' lang='lat' dir='ltr'>et</span> 
     </span>
     <span class='ocr_line' id='line_1_25' title="bbox 457 3453 1359 3539; baseline 0 -21"><span class='ocrx_word' id='word_1_113' title='bbox 457 3454 606 3520; x_wconf 91' lang='lat' dir='ltr'>omnium</span> <span class='ocrx_word' id='word_1_114' title='bbox 629 3454 778 3520; x_wconf 89' lang='lat' dir='ltr'>fidelium</span> <span class='ocrx_word' id='word_1_115' title='bbox 801 3465 931 3523; x_wconf 90' lang='lat' dir='ltr'>mentes</span> <span class='ocrx_word' id='word_1_116' title='bbox 953 3455 1059 3539; x_wconf 85' lang='lat' dir='ltr'>dirige</span> <span class='ocrx_word' id='word_1_117' title='bbox 1074 3455 1108 3520; x_wconf 91' lang='lat' dir='ltr'>in</span> <span class='ocrx_word' id='word_1_118' title='bbox 1129 3455 1217 3521; x_wconf 86' lang='lat' dir='ltr'>uiam</span> <span class='ocrx_word' id='word_1_119' title='bbox 1244 3453 1359 3520; x_wconf 85' lang='lat' dir='ltr'>salutis</span> 
     </span>
     <span class='ocr_line' id='line_1_26' title="bbox 457 3555 714 3620; baseline 0 -2"><span class='ocrx_word' id='word_1_120' title='bbox 457 3563 589 3618; x_wconf 84' lang='lat' dir='ltr'>aeterne.</span> <span class='ocrx_word' id='word_1_121' title='bbox 627 3555 714 3620; x_wconf 72' lang='lat' dir='ltr'>Per-⁷</span> 
     </span>
    </p>

    <p class='ocr_par' dir='ltr' id='par_1_13' title="bbox 837 3653 979 3720">
     <span class='ocr_line' id='line_1_27' title="bbox 837 3653 979 3720; baseline -0.014 0"><span class='ocrx_word' id='word_1_122' title='bbox 837 3653 979 3720; x_wconf 77' lang='lat' dir='ltr'>Secreta.</span> 
     </span>
    </p>
   </div>
   <div class='ocr_carea' id='block_1_13' title="bbox 384 3773 1360 4358">
    <p class='ocr_par' dir='ltr' id='par_1_14' title="bbox 384 3773 1360 4260">
     <span class='ocr_line' id='line_1_28' title="bbox 502 3773 1359 3864; baseline 0.002 -24"><span class='ocrx_word' id='word_1_123' title='bbox 502 3775 587 3854; x_wconf 88' lang='lat' dir='ltr'>Tua,</span> <span class='ocrx_word' id='word_1_124' title='bbox 609 3773 781 3864; x_wconf 80' lang='lat' dir='ltr'>(domine),</span> <span class='ocrx_word' id='word_1_125' title='bbox 796 3779 986 3843; x_wconf 90' lang='lat' dir='ltr'>muneribus</span> <span class='ocrx_word' id='word_1_126' title='bbox 1007 3778 1123 3844; x_wconf 87' lang='lat' dir='ltr'>altaria</span> <span class='ocrx_word' id='word_1_127' title='bbox 1145 3777 1359 3852; x_wconf 87' lang='lat' dir='ltr'>cumulamus,</span> 
     </span>
     <span class='ocr_line' id='line_1_29' title="bbox 384 3877 1358 3962; baseline 0.001 -22"><span class='ocrx_word' id='word_1_128' title='bbox 384 3955 388 3962; x_wconf 21' lang='grc' dir='ltr'>ι</span> <span class='ocrx_word' id='word_1_129' title='bbox 458 3877 545 3942; x_wconf 89' lang='lat' dir='ltr'>illius</span> <span class='ocrx_word' id='word_1_130' title='bbox 565 3878 774 3944; x_wconf 90' lang='lat' dir='ltr'>natiuitatem</span> <span class='ocrx_word' id='word_1_131' title='bbox 792 3878 917 3944; x_wconf 85' lang='lat' dir='ltr'>honore</span> <span class='ocrx_word' id='word_1_132' title='bbox 939 3877 1055 3944; x_wconf 90' lang='lat' dir='ltr'>debito</span> <span class='ocrx_word' id='word_1_133' title='bbox 1070 3878 1285 3958; x_wconf 86' lang='lat' dir='ltr'>celebrantes,</span> <span class='ocrx_word' id='word_1_134' title='bbox 1302 3879 1358 3960; x_wconf 90' lang='lat' dir='ltr'>qui</span> 
     </span>
     <span class='ocr_line' id='line_1_30' title="bbox 458 3977 1360 4055; baseline 0.003 -13"><span class='ocrx_word' id='word_1_135' title='bbox 458 3977 658 4044; x_wconf 85' lang='lat' dir='ltr'>saluatorem</span> <span class='ocrx_word' id='word_1_136' title='bbox 671 3978 785 4043; x_wconf 89' lang='lat' dir='ltr'>mundi</span> <span class='ocrx_word' id='word_1_137' title='bbox 800 3985 834 4042; x_wconf 93' lang='lat' dir='ltr'>et</span> <span class='ocrx_word' id='word_1_138' title='bbox 849 3978 967 4043; x_wconf 90' lang='lat' dir='ltr'>cecinit</span> <span class='ocrx_word' id='word_1_139' title='bbox 981 3977 1181 4055; x_wconf 84' lang='lat' dir='ltr'>adiuturum,</span> <span class='ocrx_word' id='word_1_140' title='bbox 1193 3988 1228 4045; x_wconf 88' lang='lat' dir='ltr'>et</span> <span class='ocrx_word' id='word_1_141' title='bbox 1243 3979 1360 4044; x_wconf 87' lang='lat' dir='ltr'>adesse</span> 
     </span>
     <span class='ocr_line' id='line_1_31' title="bbox 459 4077 1359 4156; baseline 0.002 -16"><span class='ocrx_word' id='word_1_142' title='bbox 459 4078 665 4156; x_wconf 86' lang='lat' dir='ltr'>monstrauit,</span> <span class='ocrx_word' id='word_1_143' title='bbox 679 4077 852 4142; x_wconf 88' lang='lat' dir='ltr'>dominum</span> <span class='ocrx_word' id='word_1_144' title='bbox 871 4088 1019 4144; x_wconf 90' lang='lat' dir='ltr'>nostrum</span> <span class='ocrx_word' id='word_1_145' title='bbox 1042 4077 1171 4143; x_wconf 86' lang='lat' dir='ltr'>ihesum</span> <span class='ocrx_word' id='word_1_146' title='bbox 1193 4077 1359 4145; x_wconf 86' lang='lat' dir='ltr'>christum.</span> 
     </span>
     <span class='ocr_line' id='line_1_32' title="bbox 460 4175 679 4260; baseline 0.005 -20"><span class='ocrx_word' id='word_1_147' title='bbox 460 4175 527 4260; x_wconf 86' lang='lat' dir='ltr'>Qui</span> <span class='ocrx_word' id='word_1_148' title='bbox 542 4186 679 4244; x_wconf 72' lang='lat' dir='ltr'>tecumr</span> 
     </span>
    </p>

    <p class='ocr_par' dir='ltr' id='par_1_15' title="bbox 824 4274 988 4358">
     <span class='ocr_line' id='line_1_33' title="bbox 824 4274 988 4358; baseline 0.012 -20"><span class='ocrx_word' id='word_1_149' title='bbox 824 4274 988 4358; x_wconf 81' lang='lat' dir='ltr'>Presatio.</span> 
     </span>
    </p>
   </div>
   <div class='ocr_carea' id='block_1_14' title="bbox 458 4402 1360 4586">
    <p class='ocr_par' dir='ltr' id='par_1_16' title="bbox 458 4402 1360 4586">
     <span class='ocr_line' id='line_1_34' title="bbox 503 4402 1360 4470; baseline 0.002 -2"><span class='ocrx_word' id='word_1_150' title='bbox 503 4402 547 4468; x_wconf 89' lang='lat' dir='ltr'>U.</span> <span class='ocrx_word' id='word_1_151' title='bbox 575 4402 617 4467; x_wconf 90' lang='lat' dir='ltr'>D.</span> <span class='ocrx_word' id='word_1_152' title='bbox 642 4412 765 4468; x_wconf 82' lang='lat' dir='ltr'>aeteme</span> <span class='ocrx_word' id='word_1_153' title='bbox 794 4404 887 4469; x_wconf 90' lang='lat' dir='ltr'>deus.</span> <span class='ocrx_word' id='word_1_154' title='bbox 943 4405 990 4469; x_wconf 91' lang='lat' dir='ltr'>Et</span> <span class='ocrx_word' id='word_1_155' title='bbox 1020 4405 1054 4469; x_wconf 92' lang='lat' dir='ltr'>in</span> <span class='ocrx_word' id='word_1_156' title='bbox 1082 4404 1139 4470; x_wconf 88' lang='lat' dir='ltr'>die</span> <span class='ocrx_word' id='word_1_157' title='bbox 1170 4404 1360 4470; x_wconf 83' lang='lat' dir='ltr'>festiuitatis</span> 
     </span>
     <span class='ocr_line' id='line_1_35' title="bbox 458 4502 1359 4586; baseline 0.002 -19"><span class='ocrx_word' id='word_1_158' title='bbox 458 4502 616 4586; x_wconf 73' lang='lat' dir='ltr'>hodierne</span> <span class='ocrx_word' id='word_1_159' title='bbox 632 4523 697 4586; x_wconf 88' lang='lat' dir='ltr'>qua</span> <span class='ocrx_word' id='word_1_160' title='bbox 719 4504 836 4568; x_wconf 88' lang='lat' dir='ltr'>beatus</span> <span class='ocrx_word' id='word_1_161' title='bbox 857 4503 1017 4569; x_wconf 88' lang='lat' dir='ltr'>iohannes</span> <span class='ocrx_word' id='word_1_162' title='bbox 1040 4513 1177 4570; x_wconf 88' lang='lat' dir='ltr'>exortus</span> <span class='ocrx_word' id='word_1_163' title='bbox 1199 4515 1250 4569; x_wconf 88' lang='lat' dir='ltr'>est</span> <span class='ocrx_word' id='word_1_164' title='bbox 1266 4514 1359 4569; x_wconf 92' lang='lat' dir='ltr'>tuam</span> 
     </span>
    </p>
   </div>
   <div class='ocr_carea' id='block_1_15' title="bbox 356 4601 1360 4688">
    <p class='ocr_par' dir='ltr' id='par_1_17' title="bbox 356 4601 1360 4688">
     <span class='ocr_line' id='line_1_36' title="bbox 356 4601 1360 4688; baseline -0.003 -16"><span class='ocrx_word' id='word_1_165' title='bbox 356 4667 358 4672; x_wconf 83' lang='lat'>.</span> <span class='ocrx_word' id='word_1_166' title='bbox 458 4601 739 4685; x_wconf 81' lang='lat' dir='ltr'>magnificentiam</span> <span class='ocrx_word' id='word_1_167' title='bbox 761 4602 970 4668; x_wconf 87' lang='lat' dir='ltr'>conlaudare.</span> <span class='ocrx_word' id='word_1_168' title='bbox 1015 4602 1083 4688; x_wconf 80' lang='lat' dir='ltr'>Qui</span> <span class='ocrx_word' id='word_1_169' title='bbox 1104 4625 1222 4669; x_wconf 90' lang='lat' dir='ltr'>uocem</span> <span class='ocrx_word' id='word_1_170' title='bbox 1245 4606 1360 4670; x_wconf 88' lang='lat' dir='ltr'>matris</span> 
     </span>
    </p>
   </div>
   <div class='ocr_carea' id='block_1_16' title="bbox 459 4701 1360 4784">
    <p class='ocr_par' dir='ltr' id='par_1_18' title="bbox 459 4701 1360 4784">
     <span class='ocr_line' id='line_1_37' title="bbox 459 4701 1360 4784; baseline 0.002 -18"><span class='ocrx_word' id='word_1_171' title='bbox 459 4701 584 4767; x_wconf 91' lang='lat' dir='ltr'>domini</span> <span class='ocrx_word' id='word_1_172' title='bbox 607 4701 755 4767; x_wconf 88' lang='lat' dir='ltr'>nondum</span> <span class='ocrx_word' id='word_1_173' title='bbox 779 4703 887 4768; x_wconf 91' lang='lat' dir='ltr'>editus</span> <span class='ocrx_word' id='word_1_174' title='bbox 910 4705 1020 4784; x_wconf 83' lang='lat' dir='ltr'>sensit,</span> <span class='ocrx_word' id='word_1_175' title='bbox 1042 4714 1077 4768; x_wconf 90' lang='lat' dir='ltr'>et</span> <span class='ocrx_word' id='word_1_176' title='bbox 1099 4704 1208 4770; x_wconf 88' lang='lat' dir='ltr'>adhuc</span> <span class='ocrx_word' id='word_1_177' title='bbox 1229 4705 1360 4770; x_wconf 89' lang='lat' dir='ltr'>clausus</span> 
     </span>
    </p>
   </div>
   <div class='ocr_carea' id='block_1_17' title="bbox 491 4927 782 5058">
    <p class='ocr_par' dir='ltr' id='par_1_19' title="bbox 491 4927 782 5058">
     <span class='ocr_line' id='line_1_38' title="bbox 491 4927 782 4993; baseline -0.003 -14"><span class='ocrx_word' id='word_1_178' title='bbox 491 4928 500 4958; x_wconf 88' lang='lat'>¹</span> <span class='ocrx_word' id='word_1_179' title='bbox 516 4940 542 4979; x_wconf 77' lang='grc' dir='ltr'>Α.</span> <span class='ocrx_word' id='word_1_180' title='bbox 556 4927 639 4978; x_wconf 86' lang='lat' dir='ltr'>Iustus</span> <span class='ocrx_word' id='word_1_181' title='bbox 650 4934 677 4978; x_wconf 89' lang='lat' dir='ltr'>ut</span> <span class='ocrx_word' id='word_1_182' title='bbox 689 4928 782 4993; x_wconf 76' lang='lat' dir='ltr'>palma.</span> 
     </span>
     <span class='ocr_line' id='line_1_39' title="bbox 518 5006 721 5058; baseline 0 -2"><span class='ocrx_word' id='word_1_183' title='bbox 518 5017 555 5058; x_wconf 64' lang='lat' dir='ltr'>sa</span> <span class='ocrx_word' id='word_1_184' title='bbox 568 5006 721 5058; x_wconf 72' lang='grc' dir='ltr'><strong>Βοηιιιιιαι</strong></span> 
     </span>
    </p>
   </div>
   <div class='ocr_carea' id='block_1_18' title="bbox 489 5085 1361 5699">
    <p class='ocr_par' dir='ltr' id='par_1_20' title="bbox 489 5085 1361 5699">
     <span class='ocr_line' id='line_1_40' title="bbox 518 5085 785 5152; baseline -0.004 -16"><span class='ocrx_word' id='word_1_185' title='bbox 518 5098 544 5138; x_wconf 76' lang='lat' dir='ltr'>a.</span> <span class='ocrx_word' id='word_1_186' title='bbox 558 5085 642 5136; x_wconf 81' lang='lat' dir='ltr'>Iustus</span> <span class='ocrx_word' id='word_1_187' title='bbox 652 5092 680 5135; x_wconf 88' lang='lat' dir='ltr'>nt</span> <span class='ocrx_word' id='word_1_188' title='bbox 691 5085 785 5152; x_wconf 85' lang='lat' dir='ltr'>palma.</span> 
     </span>
     <span class='ocr_line' id='line_1_41' title="bbox 519 5162 816 5215; baseline 0.01 -4"><span class='ocrx_word' id='word_1_189' title='bbox 519 5175 547 5214; x_wconf 88' lang='lat' dir='ltr'>v.</span> <span class='ocrx_word' id='word_1_190' title='bbox 559 5162 601 5212; x_wconf 77' lang='lat' dir='ltr'>Ad</span> <span class='ocrx_word' id='word_1_191' title='bbox 612 5163 816 5215; x_wconf 76' lang='lat' dir='ltr'>adnnndandum.</span> 
     </span>
     <span class='ocr_line' id='line_1_42' title="bbox 489 5241 970 5299; baseline 0.006 -9"><span class='ocrx_word' id='word_1_192' title='bbox 489 5241 499 5270; x_wconf 79' lang='lat'><strong>¹</strong></span> <span class='ocrx_word' id='word_1_193' title='bbox 518 5241 582 5290; x_wconf 84' lang='lat' dir='ltr'>Item</span> <span class='ocrx_word' id='word_1_194' title='bbox 594 5241 644 5290; x_wconf 86' lang='lat' dir='ltr'>alia</span> <span class='ocrx_word' id='word_1_195' title='bbox 655 5241 694 5299; x_wconf 66' lang='grc' dir='ltr'>νς</span> <span class='ocrx_word' id='word_1_196' title='bbox 711 5242 775 5295; x_wconf 79' lang='lat' dir='ltr'>ltern</span> <span class='ocrx_word' id='word_1_197' title='bbox 787 5241 838 5292; x_wconf 80' lang='lat' dir='ltr'>slis</span> <span class='ocrx_word' id='word_1_198' title='bbox 849 5243 927 5292; x_wconf 77' lang='lat' dir='ltr'>misse</span> <span class='ocrx_word' id='word_1_199' title='bbox 938 5241 970 5294; x_wconf 94' lang='lat'>0.</span> 
     </span>
     <span class='ocr_line' id='line_1_43' title="bbox 509 5318 1174 5371; baseline 0 -3"><span class='ocrx_word' id='word_1_200' title='bbox 509 5331 536 5370; x_wconf 81' lang='grc' dir='ltr'>Α.</span> <span class='ocrx_word' id='word_1_201' title='bbox 548 5318 589 5369; x_wconf 84' lang='lat' dir='ltr'>De</span> <span class='ocrx_word' id='word_1_202' title='bbox 599 5325 693 5370; x_wconf 86' lang='lat' dir='ltr'>uentre.</span> <span class='ocrx_word' id='word_1_203' title='bbox 970 5331 1014 5371; x_wconf 74' lang='lat' dir='ltr'>Al.</span> <span class='ocrx_word' id='word_1_204' title='bbox 1027 5320 1118 5370; x_wconf 70' lang='lat' dir='ltr'>nans</span> <span class='ocrx_word' id='word_1_205' title='bbox 1128 5320 1174 5370; x_wconf 87' lang='lat' dir='ltr'>uir.</span> 
     </span>
     <span class='ocr_line' id='line_1_44' title="bbox 509 5397 1248 5464; baseline -0.001 -16"><span class='ocrx_word' id='word_1_206' title='bbox 509 5411 545 5449; x_wconf 74' lang='lat' dir='ltr'>rs</span> <span class='ocrx_word' id='word_1_207' title='bbox 558 5399 655 5450; x_wconf 86' lang='lat' dir='ltr'>Bonum</span> <span class='ocrx_word' id='word_1_208' title='bbox 665 5407 711 5452; x_wconf 86' lang='lat' dir='ltr'>est.</span> <span class='ocrx_word' id='word_1_209' title='bbox 969 5410 1013 5448; x_wconf 69' lang='grc' dir='ltr'>οῖ.</span> <span class='ocrx_word' id='word_1_210' title='bbox 1025 5399 1107 5448; x_wconf 84' lang='lat' dir='ltr'>iustus</span> <span class='ocrx_word' id='word_1_211' title='bbox 1118 5405 1146 5448; x_wconf 89' lang='lat' dir='ltr'>ut</span> <span class='ocrx_word' id='word_1_212' title='bbox 1157 5397 1248 5464; x_wconf 82' lang='lat' dir='ltr'>palm.</span> 
     </span>
     <span class='ocr_line' id='line_1_45' title="bbox 509 5475 1254 5543; baseline 0.003 -17"><span class='ocrx_word' id='word_1_213' title='bbox 509 5489 536 5527; x_wconf 79' lang='lat' dir='ltr'>n.</span> <span class='ocrx_word' id='word_1_214' title='bbox 549 5477 693 5543; x_wconf 74' lang='lat' dir='ltr'>Priusquam</span> <span class='ocrx_word' id='word_1_215' title='bbox 706 5486 737 5530; x_wconf 89' lang='lat' dir='ltr'>te.</span> <span class='ocrx_word' id='word_1_216' title='bbox 969 5489 1012 5527; x_wconf 79' lang='lat' dir='ltr'>co,</span> <span class='ocrx_word' id='word_1_217' title='bbox 1024 5477 1064 5526; x_wconf 87' lang='lat' dir='ltr'>Tu</span> <span class='ocrx_word' id='word_1_218' title='bbox 1075 5491 1136 5541; x_wconf 88' lang='lat' dir='ltr'>puer</span> <span class='ocrx_word' id='word_1_219' title='bbox 1146 5475 1254 5542; x_wconf 76' lang='lat' dir='ltr'>profeta.</span> 
     </span>
     <span class='ocr_line' id='line_1_46' title="bbox 510 5553 1261 5618; baseline 0.001 -15"><span class='ocrx_word' id='word_1_220' title='bbox 510 5566 537 5606; x_wconf 84' lang='lat' dir='ltr'>v.</span> <span class='ocrx_word' id='word_1_221' title='bbox 550 5554 622 5604; x_wconf 83' lang='lat' dir='ltr'>Misit</span> <span class='ocrx_word' id='word_1_222' title='bbox 631 5555 756 5607; x_wconf 89' lang='lat' dir='ltr'>dominus.</span> <span class='ocrx_word' id='word_1_223' title='bbox 971 5557 1042 5618; x_wconf 67' lang='lat' dir='ltr'>(Lac.</span> <span class='ocrx_word' id='word_1_224' title='bbox 1054 5553 1155 5612; x_wconf 82' lang='lat' dir='ltr'>Audite.</span> <span class='ocrx_word' id='word_1_225' title='bbox 1166 5553 1261 5604; x_wconf 74' lang='lat' dir='ltr'>inmite.</span> 
     </span>
     <span class='ocr_line' id='line_1_47' title="bbox 583 5631 1361 5699; baseline -0.003 -17"><span class='ocrx_word' id='word_1_226' title='bbox 583 5633 662 5697; x_wconf 83' lang='lat' dir='ltr'>(Inter</span> <span class='ocrx_word' id='word_1_227' title='bbox 672 5635 766 5699; x_wconf 80' lang='lat' dir='ltr'>natos).</span> <span class='ocrx_word' id='word_1_228' title='bbox 969 5643 1014 5683; x_wconf 82' lang='lat' dir='ltr'>nv.</span> <span class='ocrx_word' id='word_1_229' title='bbox 1022 5631 1154 5684; x_wconf 79' lang='lat' dir='ltr'>Elisabeth</span> <span class='ocrx_word' id='word_1_230' title='bbox 1163 5631 1294 5698; x_wconf 83' lang='lat' dir='ltr'>impletum</span> <span class='ocrx_word' id='word_1_231' title='bbox 1302 5631 1361 5695; x_wconf 79' lang='lat' dir='ltr'>est).</span> 
     </span>
    </p>
   </div>
   <div class='ocr_carea' id='block_1_19' title="bbox 966 4928 1194 5059">
    <p class='ocr_par' dir='ltr' id='par_1_21' title="bbox 966 4928 1194 5059">
     <span class='ocr_line' id='line_1_48' title="bbox 967 4928 1194 4994; baseline 0.004 -17"><span class='ocrx_word' id='word_1_232' title='bbox 967 4940 1012 4980; x_wconf 72' lang='lat' dir='ltr'>ni..</span> <span class='ocrx_word' id='word_1_233' title='bbox 1024 4929 1083 4994; x_wconf 84' lang='lat' dir='ltr'>lpse</span> <span class='ocrx_word' id='word_1_234' title='bbox 1094 4928 1194 4994; x_wconf 86' lang='lat' dir='ltr'>peribit.</span> 
     </span>
     <span class='ocr_line' id='line_1_49' title="bbox 966 5007 1164 5059; baseline 0.01 -3"><span class='ocrx_word' id='word_1_235' title='bbox 966 5017 1010 5059; x_wconf 81' lang='lat' dir='ltr'>or.</span> <span class='ocrx_word' id='word_1_236' title='bbox 1023 5007 1052 5058; x_wconf 90' lang='lat' dir='ltr'>ln</span> <span class='ocrx_word' id='word_1_237' title='bbox 1064 5008 1164 5058; x_wconf 87' lang='lat' dir='ltr'>uirtute.</span> 
     </span>
    </p>
   </div>
   <div class='ocr_carea' id='block_1_20' title="bbox 966 5085 1258 5148">
    <p class='ocr_par' dir='ltr' id='par_1_22' title="bbox 966 5085 1258 5148">
     <span class='ocr_line' id='line_1_50' title="bbox 966 5085 1258 5148; baseline -0.007 -12"><span class='ocrx_word' id='word_1_238' title='bbox 966 5097 1010 5137; x_wconf 82' lang='lat' dir='ltr'>co,</span> <span class='ocrx_word' id='word_1_239' title='bbox 1022 5086 1137 5148; x_wconf 81' lang='lat' dir='ltr'>Posuisti,</span> <span class='ocrx_word' id='word_1_240' title='bbox 1149 5085 1258 5135; x_wconf 85' lang='lat' dir='ltr'>domine.</span> 
     </span>
    </p>
   </div>
   <div class='ocr_carea' id='block_1_21' title="bbox 1614 569 2105 663">
    <p class='ocr_par' dir='ltr' id='par_1_23' title="bbox 1614 569 2105 663">
     <span class='ocr_line' id='line_1_51' title="bbox 1614 569 2105 663; baseline -0.018 -5"><span class='ocrx_word' id='word_1_241' title='bbox 1614 570 1738 658; x_wconf 69' lang='lat' dir='ltr'>siant</span> <span class='ocrx_word' id='word_1_242' title='bbox 1757 569 1807 658; x_wconf 59' lang='grc' dir='ltr'>ὦ.</span> <span class='ocrx_word' id='word_1_243' title='bbox 1825 569 1984 655; x_wconf 69' lang='lat' dir='ltr'>runnu</span> <span class='ocrx_word' id='word_1_244' title='bbox 2000 569 2105 663; x_wconf 55' lang='lat' dir='ltr'>dut</span> 
     </span>
    </p>
   </div>
   <div class='ocr_carea' id='block_1_22' title="bbox 1408 768 2313 1550">
    <p class='ocr_par' dir='ltr' id='par_1_24' title="bbox 1408 768 2313 1550">
     <span class='ocr_line' id='line_1_52' title="bbox 1410 768 2313 854; baseline -0.002 -16"><span class='ocrx_word' id='word_1_245' title='bbox 1410 781 1516 848; x_wconf 90' lang='lat' dir='ltr'>utero,</span> <span class='ocrx_word' id='word_1_246' title='bbox 1531 773 1714 838; x_wconf 89' lang='lat' dir='ltr'>aduentum</span> <span class='ocrx_word' id='word_1_247' title='bbox 1726 770 1841 836; x_wconf 90' lang='lat' dir='ltr'>salutis</span> <span class='ocrx_word' id='word_1_248' title='bbox 1853 768 1998 835; x_wconf 85' lang='lat' dir='ltr'>humane</span> <span class='ocrx_word' id='word_1_249' title='bbox 2009 769 2202 854; x_wconf 91' lang='lat' dir='ltr'>prophetica</span> <span class='ocrx_word' id='word_1_250' title='bbox 2217 771 2313 838; x_wconf 86' lang='lat' dir='ltr'>exul·</span> 
     </span>
     <span class='ocr_line' id='line_1_53' title="bbox 1409 869 2311 956; baseline 0.003 -21"><span class='ocrx_word' id='word_1_251' title='bbox 1409 872 1537 937; x_wconf 89' lang='lat' dir='ltr'>tatione</span> <span class='ocrx_word' id='word_1_252' title='bbox 1551 871 1759 956; x_wconf 79' lang='lat' dir='ltr'>significauit.</span> <span class='ocrx_word' id='word_1_253' title='bbox 1792 869 1859 954; x_wconf 86' lang='lat' dir='ltr'>Qui</span> <span class='ocrx_word' id='word_1_254' title='bbox 1874 880 1908 936; x_wconf 90' lang='lat' dir='ltr'>et</span> <span class='ocrx_word' id='word_1_255' title='bbox 1923 869 2089 954; x_wconf 83' lang='lat' dir='ltr'>genitricis</span> <span class='ocrx_word' id='word_1_256' title='bbox 2103 869 2311 938; x_wconf 84' lang='lat' dir='ltr'>sterilitatem</span> 
     </span>
     <span class='ocr_line' id='line_1_54' title="bbox 1409 967 2312 1053; baseline -0.001 -19"><span class='ocrx_word' id='word_1_257' title='bbox 1409 979 1588 1053; x_wconf 88' lang='lat' dir='ltr'>conceptus</span> <span class='ocrx_word' id='word_1_258' title='bbox 1609 968 1758 1044; x_wconf 90' lang='lat' dir='ltr'>abstulit,</span> <span class='ocrx_word' id='word_1_259' title='bbox 1782 978 1816 1032; x_wconf 91' lang='lat' dir='ltr'>et</span> <span class='ocrx_word' id='word_1_260' title='bbox 1837 969 1940 1051; x_wconf 90' lang='lat' dir='ltr'>patris</span> <span class='ocrx_word' id='word_1_261' title='bbox 1963 967 2110 1052; x_wconf 87' lang='lat' dir='ltr'>linguam</span> <span class='ocrx_word' id='word_1_262' title='bbox 2133 974 2231 1035; x_wconf 87' lang='lat' dir='ltr'>natus</span> <span class='ocrx_word' id='word_1_263' title='bbox 2251 971 2312 1035; x_wconf 87' lang='lat' dir='ltr'>ab·</span> 
     </span>
     <span class='ocr_line' id='line_1_55' title="bbox 1410 1067 2312 1152; baseline 0.001 -20"><span class='ocrx_word' id='word_1_264' title='bbox 1410 1069 1517 1147; x_wconf 92' lang='lat' dir='ltr'>soluit,</span> <span class='ocrx_word' id='word_1_265' title='bbox 1543 1068 1700 1151; x_wconf 85' lang='lat' dir='ltr'>solusque</span> <span class='ocrx_word' id='word_1_266' title='bbox 1721 1068 1871 1132; x_wconf 89' lang='lat' dir='ltr'>omnium</span> <span class='ocrx_word' id='word_1_267' title='bbox 1896 1067 2133 1151; x_wconf 88' lang='lat' dir='ltr'>prophetarum</span> <span class='ocrx_word' id='word_1_268' title='bbox 2159 1070 2312 1152; x_wconf 88' lang='lat' dir='ltr'>redemp-</span> 
     </span>
     <span class='ocr_line' id='line_1_56' title="bbox 1408 1165 2312 1251; baseline 0 -18"><span class='ocrx_word' id='word_1_269' title='bbox 1408 1177 1515 1234; x_wconf 91' lang='lat' dir='ltr'>torem</span> <span class='ocrx_word' id='word_1_270' title='bbox 1539 1168 1664 1247; x_wconf 91' lang='lat' dir='ltr'>mundi,</span> <span class='ocrx_word' id='word_1_271' title='bbox 1679 1187 1779 1251; x_wconf 88' lang='lat' dir='ltr'>quem</span> <span class='ocrx_word' id='word_1_272' title='bbox 1801 1167 2035 1250; x_wconf 85' lang='lat' dir='ltr'>prenuntiauit,</span> <span class='ocrx_word' id='word_1_273' title='bbox 2056 1165 2212 1234; x_wconf 88' lang='lat' dir='ltr'>ostendit.</span> <span class='ocrx_word' id='word_1_274' title='bbox 2265 1168 2312 1233; x_wconf 88' lang='lat' dir='ltr'>Et</span> 
     </span>
     <span class='ocr_line' id='line_1_57' title="bbox 1409 1265 2313 1351; baseline 0.003 -20"><span class='ocrx_word' id='word_1_275' title='bbox 1409 1277 1447 1331; x_wconf 93' lang='lat' dir='ltr'>ut</span> <span class='ocrx_word' id='word_1_276' title='bbox 1469 1287 1560 1332; x_wconf 88' lang='lat' dir='ltr'>sacre</span> <span class='ocrx_word' id='word_1_277' title='bbox 1582 1265 1819 1349; x_wconf 89' lang='lat' dir='ltr'>purificationis</span> <span class='ocrx_word' id='word_1_278' title='bbox 1838 1265 1992 1332; x_wconf 83' lang='lat' dir='ltr'>effectum</span> <span class='ocrx_word' id='word_1_279' title='bbox 2011 1287 2172 1351; x_wconf 91' lang='lat' dir='ltr'>aquarum</span> <span class='ocrx_word' id='word_1_280' title='bbox 2194 1277 2313 1334; x_wconf 90' lang='lat' dir='ltr'>natura</span> 
     </span>
     <span class='ocr_line' id='line_1_58' title="bbox 1409 1365 2311 1453; baseline 0.003 -23"><span class='ocrx_word' id='word_1_281' title='bbox 1409 1367 1605 1452; x_wconf 87' lang='lat' dir='ltr'>conciperet,</span> <span class='ocrx_word' id='word_1_282' title='bbox 1622 1365 1866 1432; x_wconf 83' lang='lat' dir='ltr'>sanctificandis</span> <span class='ocrx_word' id='word_1_283' title='bbox 1884 1366 2028 1431; x_wconf 88' lang='lat' dir='ltr'>iordanis</span> <span class='ocrx_word' id='word_1_284' title='bbox 2049 1367 2182 1432; x_wconf 86' lang='lat' dir='ltr'>fluentis</span> <span class='ocrx_word' id='word_1_285' title='bbox 2203 1367 2311 1453; x_wconf 88' lang='lat' dir='ltr'>ipsuin</span> 
     </span>
     <span class='ocr_line' id='line_1_59' title="bbox 1408 1464 2311 1550; baseline 0.003 -21"><span class='ocrx_word' id='word_1_286' title='bbox 1408 1465 1576 1550; x_wconf 90' lang='lat' dir='ltr'>baptismo</span> <span class='ocrx_word' id='word_1_287' title='bbox 1590 1465 1802 1550; x_wconf 88' lang='lat' dir='ltr'>baptismatis</span> <span class='ocrx_word' id='word_1_288' title='bbox 1817 1464 1900 1530; x_wconf 91' lang='lat' dir='ltr'>lauit</span> <span class='ocrx_word' id='word_1_289' title='bbox 1914 1475 2094 1531; x_wconf 87' lang='lat' dir='ltr'>auctorem.</span> <span class='ocrx_word' id='word_1_290' title='bbox 2141 1466 2188 1532; x_wconf 84' lang='lat' dir='ltr'>Et</span> <span class='ocrx_word' id='word_1_291' title='bbox 2203 1467 2279 1534; x_wconf 89' lang='lat' dir='ltr'>ideo</span> <span class='ocrx_word' id='word_1_292' title='bbox 2289 1467 2311 1532; x_wconf 88' lang='lat'>¹.</span> 
     </span>
    </p>
   </div>
   <div class='ocr_carea' id='block_1_23' title="bbox 1711 1656 2010 1740">
    <p class='ocr_par' dir='ltr' id='par_1_25' title="bbox 1711 1656 2010 1740">
     <span class='ocr_line' id='line_1_60' title="bbox 1711 1656 2010 1740; baseline -0.007 -20"><span class='ocrx_word' id='word_1_293' title='bbox 1711 1657 1742 1720; x_wconf 85' lang='lat' dir='ltr'><em>A</em></span> <span class='ocrx_word' id='word_1_294' title='bbox 1746 1659 1772 1721; x_wconf 86' lang='lat' dir='ltr'>d</span> <span class='ocrx_word' id='word_1_295' title='bbox 1783 1656 2010 1740; x_wconf 80' lang='lat' dir='ltr'>complendum.</span> 
     </span>
    </p>
   </div>
   <div class='ocr_carea' id='block_1_24' title="bbox 1410 1767 2389 3050">
    <p class='ocr_par' dir='ltr' id='par_1_26' title="bbox 1410 1767 2311 2150">
     <span class='ocr_line' id='line_1_61' title="bbox 1455 1767 2311 1853; baseline 0.001 -19"><span class='ocrx_word' id='word_1_296' title='bbox 1455 1767 1574 1834; x_wconf 89' lang='lat' dir='ltr'>Sumat</span> <span class='ocrx_word' id='word_1_297' title='bbox 1597 1769 1734 1834; x_wconf 88' lang='lat' dir='ltr'>ecclesia</span> <span class='ocrx_word' id='word_1_298' title='bbox 1755 1777 1822 1848; x_wconf 90' lang='lat' dir='ltr'>tua,</span> <span class='ocrx_word' id='word_1_299' title='bbox 1837 1770 1928 1845; x_wconf 89' lang='lat' dir='ltr'>deus,</span> <span class='ocrx_word' id='word_1_300' title='bbox 1945 1769 2034 1833; x_wconf 88' lang='lat' dir='ltr'>beati</span> <span class='ocrx_word' id='word_1_301' title='bbox 2058 1768 2208 1835; x_wconf 88' lang='lat' dir='ltr'>iohannis</span> <span class='ocrx_word' id='word_1_302' title='bbox 2229 1771 2311 1853; x_wconf 90' lang='lat' dir='ltr'>bap-</span> 
     </span>
     <span class='ocr_line' id='line_1_62' title="bbox 1410 1867 2310 1952; baseline 0.003 -21"><span class='ocrx_word' id='word_1_303' title='bbox 1410 1868 1490 1951; x_wconf 72' lang='lat' dir='ltr'>tiste</span> <span class='ocrx_word' id='word_1_304' title='bbox 1518 1868 1733 1952; x_wconf 86' lang='lat' dir='ltr'>generatione</span> <span class='ocrx_word' id='word_1_305' title='bbox 1762 1867 1925 1944; x_wconf 85' lang='lat' dir='ltr'>laetitiam,</span> <span class='ocrx_word' id='word_1_306' title='bbox 1953 1888 2137 1951; x_wconf 89' lang='lat' dir='ltr'>perquem</span> <span class='ocrx_word' id='word_1_307' title='bbox 2163 1887 2231 1934; x_wconf 84' lang='lat' dir='ltr'>suae</span> <span class='ocrx_word' id='word_1_308' title='bbox 2259 1890 2310 1934; x_wconf 88' lang='lat' dir='ltr'>re·</span> 
     </span>
     <span class='ocr_line' id='line_1_63' title="bbox 1410 1968 2311 2052; baseline 0.004 -22"><span class='ocrx_word' id='word_1_309' title='bbox 1410 1968 2146 2052; x_wconf 86' lang='lat' dir='ltr'>generationiscognouitauctoremdominum</span> <span class='ocrx_word' id='word_1_310' title='bbox 2154 1977 2311 2034; x_wconf 83' lang='lat' dir='ltr'>nostmm.</span> 
     </span>
     <span class='ocr_line' id='line_1_64' title="bbox 1412 2066 1630 2150; baseline 0.005 -17"><span class='ocrx_word' id='word_1_311' title='bbox 1412 2066 1478 2150; x_wconf 86' lang='lat' dir='ltr'>Qui</span> <span class='ocrx_word' id='word_1_312' title='bbox 1494 2077 1630 2134; x_wconf 74' lang='lat' dir='ltr'>tecum.t</span> 
     </span>
    </p>

    <p class='ocr_par' dir='ltr' id='par_1_27' title="bbox 1802 2169 1921 2237">
     <span class='ocr_line' id='line_1_65' title="bbox 1802 2169 1921 2237; baseline 0 -5"><span class='ocrx_word' id='word_1_313' title='bbox 1802 2169 1886 2237; x_wconf 81' lang='lat' dir='ltr'>Alia</span> <span class='ocrx_word' id='word_1_314' title='bbox 1897 2169 1921 2232; x_wconf 77' lang='lat'>⁸.</span> 
     </span>
    </p>

    <p class='ocr_par' dir='ltr' id='par_1_28' title="bbox 1412 2282 2311 2555">
     <span class='ocr_line' id='line_1_66' title="bbox 1456 2282 2311 2368; baseline 0.001 -22"><span class='ocrx_word' id='word_1_315' title='bbox 1456 2282 1559 2360; x_wconf 89' lang='lat' dir='ltr'>Deus,</span> <span class='ocrx_word' id='word_1_316' title='bbox 1575 2285 1631 2366; x_wconf 91' lang='lat' dir='ltr'>qui</span> <span class='ocrx_word' id='word_1_317' title='bbox 1648 2304 1708 2347; x_wconf 92' lang='lat' dir='ltr'>nos</span> <span class='ocrx_word' id='word_1_318' title='bbox 1726 2283 1879 2348; x_wconf 87' lang='lat' dir='ltr'>concedis</span> <span class='ocrx_word' id='word_1_319' title='bbox 1894 2283 1985 2347; x_wconf 86' lang='lat' dir='ltr'>beati</span> <span class='ocrx_word' id='word_1_320' title='bbox 2004 2282 2152 2348; x_wconf 88' lang='lat' dir='ltr'>iohannis</span> <span class='ocrx_word' id='word_1_321' title='bbox 2167 2283 2311 2368; x_wconf 71' lang='lat' dir='ltr'>baptiste</span> 
     </span>
     <span class='ocr_line' id='line_1_67' title="bbox 1412 2382 2310 2466; baseline -0.001 -21"><span class='ocrx_word' id='word_1_322' title='bbox 1412 2382 1562 2447; x_wconf 88' lang='lat' dir='ltr'>natalitia</span> <span class='ocrx_word' id='word_1_323' title='bbox 1580 2382 1710 2466; x_wconf 80' lang='lat' dir='ltr'>perfrui,</span> <span class='ocrx_word' id='word_1_324' title='bbox 1725 2383 1794 2446; x_wconf 91' lang='lat' dir='ltr'>eius</span> <span class='ocrx_word' id='word_1_325' title='bbox 1810 2402 1869 2446; x_wconf 91' lang='lat' dir='ltr'>nos</span> <span class='ocrx_word' id='word_1_326' title='bbox 1892 2383 1999 2447; x_wconf 89' lang='lat' dir='ltr'>tribue</span> <span class='ocrx_word' id='word_1_327' title='bbox 2016 2383 2140 2448; x_wconf 90' lang='lat' dir='ltr'>meritis</span> <span class='ocrx_word' id='word_1_328' title='bbox 2154 2383 2310 2447; x_wconf 90' lang='lat' dir='ltr'>adiuuari.</span> 
     </span>
     <span class='ocr_line' id='line_1_68' title="bbox 1412 2482 1499 2555; baseline -0.011 -8"><span class='ocrx_word' id='word_1_329' title='bbox 1412 2482 1499 2555; x_wconf 73' lang='lat' dir='ltr'>Per.⁷</span> 
     </span>
    </p>

    <p class='ocr_par' dir='ltr' id='par_1_29' title="bbox 1734 2568 1987 2650">
     <span class='ocr_line' id='line_1_69' title="bbox 1734 2568 1987 2650; baseline 0.012 -18"><span class='ocrx_word' id='word_1_330' title='bbox 1734 2568 1797 2633; x_wconf 79' lang='lat' dir='ltr'>Ad</span> <span class='ocrx_word' id='word_1_331' title='bbox 1807 2577 1953 2650; x_wconf 67' lang='lat' dir='ltr'>vesperos</span> <span class='ocrx_word' id='word_1_332' title='bbox 1964 2569 1987 2635; x_wconf 83' lang='lat'>³.</span> 
     </span>
    </p>

    <p class='ocr_par' dir='ltr' id='par_1_30' title="bbox 1410 2678 2389 3050">
     <span class='ocr_line' id='line_1_70' title="bbox 1454 2678 2310 2767; baseline -0.005 -16"><span class='ocrx_word' id='word_1_333' title='bbox 1454 2684 1677 2767; x_wconf 86' lang='lat' dir='ltr'>Omnipotens</span> <span class='ocrx_word' id='word_1_334' title='bbox 1712 2682 1913 2765; x_wconf 89' lang='lat' dir='ltr'>sempiterne</span> <span class='ocrx_word' id='word_1_335' title='bbox 1949 2681 2040 2762; x_wconf 88' lang='lat' dir='ltr'>deus,</span> <span class='ocrx_word' id='word_1_336' title='bbox 2077 2683 2121 2746; x_wconf 90' lang='lat' dir='ltr'>da</span> <span class='ocrx_word' id='word_1_337' title='bbox 2157 2678 2310 2747; x_wconf 90' lang='lat' dir='ltr'>cordibus</span> 
     </span>
     <span class='ocr_line' id='line_1_71' title="bbox 1411 2782 2308 2858; baseline -0.002 -10"><span class='ocrx_word' id='word_1_338' title='bbox 1411 2785 1531 2850; x_wconf 88' lang='lat' dir='ltr'>nostris</span> <span class='ocrx_word' id='word_1_339' title='bbox 1563 2784 1654 2847; x_wconf 91' lang='lat' dir='ltr'>illam</span> <span class='ocrx_word' id='word_1_340' title='bbox 1686 2792 1819 2847; x_wconf 92' lang='lat' dir='ltr'>tuarum</span> <span class='ocrx_word' id='word_1_341' title='bbox 1849 2783 2080 2847; x_wconf 88' lang='lat' dir='ltr'>rectitudinem</span> <span class='ocrx_word' id='word_1_342' title='bbox 2110 2782 2308 2858; x_wconf 88' lang='lat' dir='ltr'>semitarum,</span> 
     </span>
     <span class='ocr_line' id='line_1_72' title="bbox 1410 2871 2389 2966; baseline -0.003 -19"><span class='ocrx_word' id='word_1_343' title='bbox 1410 2904 1510 2966; x_wconf 91' lang='lat' dir='ltr'>quam</span> <span class='ocrx_word' id='word_1_344' title='bbox 1541 2883 1632 2947; x_wconf 90' lang='lat' dir='ltr'>beati</span> <span class='ocrx_word' id='word_1_345' title='bbox 1663 2882 1814 2946; x_wconf 88' lang='lat' dir='ltr'>iohannis</span> <span class='ocrx_word' id='word_1_346' title='bbox 1840 2880 1988 2965; x_wconf 70' lang='lat' dir='ltr'>baptiste</span> <span class='ocrx_word' id='word_1_347' title='bbox 2018 2883 2052 2946; x_wconf 92' lang='lat' dir='ltr'>in</span> <span class='ocrx_word' id='word_1_348' title='bbox 2082 2881 2213 2946; x_wconf 92' lang='lat' dir='ltr'>deserto</span> <span class='ocrx_word' id='word_1_349' title='bbox 2242 2901 2309 2946; x_wconf 82' lang='lat' dir='ltr'>uox</span> <span class='ocrx_word' id='word_1_350' title='bbox 2383 2871 2389 2884; x_wconf 87' lang='lat'>&#39;</span> 
     </span>
     <span class='ocr_line' id='line_1_73' title="bbox 1410 2982 1877 3050; baseline -0.011 -2"><span class='ocrx_word' id='word_1_351' title='bbox 1410 2983 1586 3050; x_wconf 87' lang='lat' dir='ltr'>clamantis</span> <span class='ocrx_word' id='word_1_352' title='bbox 1601 2983 1744 3047; x_wconf 87' lang='lat' dir='ltr'>edocuit.</span> <span class='ocrx_word' id='word_1_353' title='bbox 1790 2982 1877 3045; x_wconf 71' lang='lat' dir='ltr'>Pera</span> 
     </span>
    </p>
   </div>
   <div class='ocr_carea' id='block_1_25' title="bbox 1410 3173 2311 3772">
    <p class='ocr_par' dir='ltr' id='par_1_31' title="bbox 1818 3173 1910 3239">
     <span class='ocr_line' id='line_1_74' title="bbox 1818 3173 1910 3239; baseline 0.043 -3"><span class='ocrx_word' id='word_1_354' title='bbox 1818 3173 1910 3239; x_wconf 80' lang='lat' dir='ltr'>Alia.</span> 
     </span>
    </p>

    <p class='ocr_par' dir='ltr' id='par_1_32' title="bbox 1455 3286 2310 3371">
     <span class='ocr_line' id='line_1_75' title="bbox 1455 3286 2310 3371; baseline 0 -19"><span class='ocrx_word' id='word_1_355' title='bbox 1455 3289 1556 3367; x_wconf 90' lang='lat' dir='ltr'>Deus,</span> <span class='ocrx_word' id='word_1_356' title='bbox 1579 3289 1635 3371; x_wconf 92' lang='lat' dir='ltr'>qui</span> <span class='ocrx_word' id='word_1_357' title='bbox 1658 3308 1719 3352; x_wconf 88' lang='lat' dir='ltr'>nos</span> <span class='ocrx_word' id='word_1_358' title='bbox 1740 3307 1851 3351; x_wconf 90' lang='lat' dir='ltr'>annua</span> <span class='ocrx_word' id='word_1_359' title='bbox 1872 3287 1962 3351; x_wconf 90' lang='lat' dir='ltr'>beati</span> <span class='ocrx_word' id='word_1_360' title='bbox 1989 3286 2140 3352; x_wconf 89' lang='lat' dir='ltr'>iohannis</span> <span class='ocrx_word' id='word_1_361' title='bbox 2165 3287 2310 3371; x_wconf 73' lang='lat' dir='ltr'>baptiste</span> 
     </span>
    </p>

    <p class='ocr_par' dir='ltr' id='par_1_33' title="bbox 1410 3387 2311 3472">
     <span class='ocr_line' id='line_1_76' title="bbox 1410 3387 2311 3472; baseline 0 -20"><span class='ocrx_word' id='word_1_362' title='bbox 1410 3389 1585 3453; x_wconf 88' lang='lat' dir='ltr'>sollemnia</span> <span class='ocrx_word' id='word_1_363' title='bbox 1593 3388 1801 3472; x_wconf 83' lang='lat' dir='ltr'>frequentare</span> <span class='ocrx_word' id='word_1_364' title='bbox 1811 3387 1971 3460; x_wconf 89' lang='lat' dir='ltr'>concedis,</span> <span class='ocrx_word' id='word_1_365' title='bbox 1982 3397 2113 3470; x_wconf 86' lang='lat' dir='ltr'>praesta,</span> <span class='ocrx_word' id='word_1_366' title='bbox 2123 3407 2311 3472; x_wconf 88' lang='lat' dir='ltr'>quesumus,</span> 
     </span>
    </p>

    <p class='ocr_par' dir='ltr' id='par_1_34' title="bbox 1411 3486 2310 3566">
     <span class='ocr_line' id='line_1_77' title="bbox 1411 3486 2310 3566; baseline -0.001 -14"><span class='ocrx_word' id='word_1_367' title='bbox 1411 3497 1448 3552; x_wconf 90' lang='lat' dir='ltr'>ut</span> <span class='ocrx_word' id='word_1_368' title='bbox 1474 3495 1508 3552; x_wconf 91' lang='lat' dir='ltr'>et</span> <span class='ocrx_word' id='word_1_369' title='bbox 1538 3487 1669 3552; x_wconf 88' lang='lat' dir='ltr'>deuotis</span> <span class='ocrx_word' id='word_1_370' title='bbox 1694 3486 1861 3551; x_wconf 91' lang='lat' dir='ltr'>mentibus</span> <span class='ocrx_word' id='word_1_371' title='bbox 1887 3486 2004 3551; x_wconf 89' lang='lat' dir='ltr'>eadem</span> <span class='ocrx_word' id='word_1_372' title='bbox 2038 3486 2251 3566; x_wconf 90' lang='lat' dir='ltr'>celebremus,</span> <span class='ocrx_word' id='word_1_373' title='bbox 2276 3497 2310 3553; x_wconf 96' lang='lat' dir='ltr'>et</span> 
     </span>
    </p>

    <p class='ocr_par' dir='ltr' id='par_1_35' title="bbox 1410 3585 2310 3772">
     <span class='ocr_line' id='line_1_78' title="bbox 1410 3585 2310 3672; baseline 0.002 -22"><span class='ocrx_word' id='word_1_374' title='bbox 1410 3588 1479 3651; x_wconf 90' lang='lat' dir='ltr'>eius</span> <span class='ocrx_word' id='word_1_375' title='bbox 1503 3587 1684 3670; x_wconf 87' lang='lat' dir='ltr'>patrocinio</span> <span class='ocrx_word' id='word_1_376' title='bbox 1710 3595 1919 3669; x_wconf 91' lang='lat' dir='ltr'>promerente</span> <span class='ocrx_word' id='word_1_377' title='bbox 1945 3585 2042 3669; x_wconf 90' lang='lat' dir='ltr'>plene</span> <span class='ocrx_word' id='word_1_378' title='bbox 2066 3586 2235 3672; x_wconf 88' lang='lat' dir='ltr'>capiamus</span> <span class='ocrx_word' id='word_1_379' title='bbox 2259 3605 2310 3652; x_wconf 88' lang='lat' dir='ltr'>se·</span> 
     </span>
     <span class='ocr_line' id='line_1_79' title="bbox 1410 3682 1954 3772; baseline -0.004 -21"><span class='ocrx_word' id='word_1_380' title='bbox 1410 3687 1558 3752; x_wconf 91' lang='lat' dir='ltr'>curitatis</span> <span class='ocrx_word' id='word_1_381' title='bbox 1573 3695 1799 3772; x_wconf 86' lang='lat' dir='ltr'>augmentum.</span> <span class='ocrx_word' id='word_1_382' title='bbox 1846 3682 1954 3750; x_wconf 65' lang='lat' dir='ltr'>Perti</span> 
     </span>
    </p>
   </div>
   <div class='ocr_carea' id='block_1_26' title="bbox 1815 3863 1906 3930">
    <p class='ocr_par' dir='ltr' id='par_1_36' title="bbox 1815 3863 1906 3930">
     <span class='ocr_line' id='line_1_80' title="bbox 1815 3863 1906 3930; baseline 0.044 -4"><span class='ocrx_word' id='word_1_383' title='bbox 1815 3863 1906 3930; x_wconf 78' lang='grc' dir='ltr'><em>Αἱία.</em></span> 
     </span>
    </p>
   </div>
   <div class='ocr_carea' id='block_1_27' title="bbox 1411 3977 2311 4248">
    <p class='ocr_par' dir='ltr' id='par_1_37' title="bbox 1411 3977 2311 4248">
     <span class='ocr_line' id='line_1_81' title="bbox 1454 3977 2311 4062; baseline -0.002 -19"><span class='ocrx_word' id='word_1_384' title='bbox 1454 3979 1555 4058; x_wconf 88' lang='lat' dir='ltr'>Deus,</span> <span class='ocrx_word' id='word_1_385' title='bbox 1580 3981 1637 4062; x_wconf 91' lang='lat' dir='ltr'>qui</span> <span class='ocrx_word' id='word_1_386' title='bbox 1661 3977 1822 4061; x_wconf 90' lang='lat' dir='ltr'>conspicis</span> <span class='ocrx_word' id='word_1_387' title='bbox 1848 3979 1926 4060; x_wconf 91' lang='lat' dir='ltr'>quia</span> <span class='ocrx_word' id='word_1_388' title='bbox 1958 3997 2019 4043; x_wconf 88' lang='lat' dir='ltr'>nos</span> <span class='ocrx_word' id='word_1_389' title='bbox 2048 3979 2194 4062; x_wconf 88' lang='lat' dir='ltr'>undique</span> <span class='ocrx_word' id='word_1_390' title='bbox 2224 3977 2311 4042; x_wconf 88' lang='lat' dir='ltr'>mala</span> 
     </span>
     <span class='ocr_line' id='line_1_82' title="bbox 1411 4077 2311 4163; baseline -0.002 -19"><span class='ocrx_word' id='word_1_391' title='bbox 1411 4089 1524 4144; x_wconf 91' lang='lat' dir='ltr'>nostra</span> <span class='ocrx_word' id='word_1_392' title='bbox 1539 4080 1745 4150; x_wconf 90' lang='lat' dir='ltr'>contristant,</span> <span class='ocrx_word' id='word_1_393' title='bbox 1762 4098 1821 4161; x_wconf 90' lang='lat' dir='ltr'>per</span> <span class='ocrx_word' id='word_1_394' title='bbox 1837 4098 2061 4160; x_wconf 89' lang='lat' dir='ltr'>precursorem</span> <span class='ocrx_word' id='word_1_395' title='bbox 2083 4078 2195 4163; x_wconf 89' lang='lat' dir='ltr'>gaudii</span> <span class='ocrx_word' id='word_1_396' title='bbox 2212 4077 2311 4142; x_wconf 88' lang='lat' dir='ltr'>corda</span> 
     </span>
     <span class='ocr_line' id='line_1_83' title="bbox 1412 4178 1814 4248; baseline 0 -6"><span class='ocrx_word' id='word_1_397' title='bbox 1412 4189 1523 4245; x_wconf 89' lang='lat' dir='ltr'>nostra</span> <span class='ocrx_word' id='word_1_398' title='bbox 1538 4179 1681 4246; x_wconf 83' lang='lat' dir='ltr'>laetifica.</span> <span class='ocrx_word' id='word_1_399' title='bbox 1727 4178 1814 4248; x_wconf 69' lang='lat' dir='ltr'>Pers</span> 
     </span>
    </p>
   </div>
   <div class='ocr_carea' id='block_1_28' title="bbox 1456 4365 2312 4562">
    <p class='ocr_par' dir='ltr' id='par_1_38' title="bbox 1456 4365 2312 4562">
     <span class='ocr_line' id='line_1_84' title="bbox 1763 4365 1957 4432; baseline -0.01 -2"><span class='ocrx_word' id='word_1_400' title='bbox 1763 4365 1957 4432; x_wconf 80' lang='lat' dir='ltr'>Benedictio.</span> 
     </span>
     <span class='ocr_line' id='line_1_85' title="bbox 1456 4476 2312 4562; baseline -0.002 -19"><span class='ocrx_word' id='word_1_401' title='bbox 1456 4479 1638 4544; x_wconf 90' lang='lat' dir='ltr'>Benedicat</span> <span class='ocrx_word' id='word_1_402' title='bbox 1648 4477 1743 4544; x_wconf 91' lang='lat' dir='ltr'>uobis</span> <span class='ocrx_word' id='word_1_403' title='bbox 1752 4479 2052 4562; x_wconf 87' lang='lat' dir='ltr'>omnipotensdeus</span> <span class='ocrx_word' id='word_1_404' title='bbox 2061 4476 2151 4542; x_wconf 88' lang='lat' dir='ltr'>beati</span> <span class='ocrx_word' id='word_1_405' title='bbox 2160 4477 2312 4542; x_wconf 89' lang='lat' dir='ltr'>iohannis</span> 
     </span>
    </p>
   </div>
   <div class='ocr_carea' id='block_1_29' title="bbox 1411 4687 2314 5690">
    <p class='ocr_par' dir='ltr' id='par_1_39' title="bbox 1443 4687 1837 4753">
     <span class='ocr_line' id='line_1_86' title="bbox 1443 4687 1837 4753; baseline 0 -15"><span class='ocrx_word' id='word_1_406' title='bbox 1443 4687 1538 4753; x_wconf 81' lang='lat' dir='ltr'>¹O.p.</span> <span class='ocrx_word' id='word_1_407' title='bbox 1552 4702 1616 4752; x_wconf 76' lang='lat'>3243</span> <span class='ocrx_word' id='word_1_408' title='bbox 1632 4688 1663 4739; x_wconf 84' lang='lat' dir='ltr'>Y.</span> <span class='ocrx_word' id='word_1_409' title='bbox 1676 4687 1798 4753; x_wconf 78' lang='lat' dir='ltr'>tot96b.</span> <span class='ocrx_word' id='word_1_410' title='bbox 1810 4688 1837 4738; x_wconf 89' lang='lat' dir='ltr'>Z.</span> 
     </span>
    </p>

    <p class='ocr_par' dir='ltr' id='par_1_40' title="bbox 1444 4763 2178 4832">
     <span class='ocr_line' id='line_1_87' title="bbox 1444 4763 2178 4832; baseline -0.003 -16"><span class='ocrx_word' id='word_1_411' title='bbox 1444 4766 1638 4832; x_wconf 78' lang='lat' dir='ltr'>’Advesperos</span> <span class='ocrx_word' id='word_1_412' title='bbox 1649 4767 1681 4818; x_wconf 90' lang='lat' dir='ltr'>V.</span> <span class='ocrx_word' id='word_1_413' title='bbox 1974 4763 2135 4818; x_wconf 78' lang='lat' dir='ltr'>’Adsontes</span> <span class='ocrx_word' id='word_1_414' title='bbox 2146 4763 2178 4815; x_wconf 90' lang='lat' dir='ltr'>V.</span> 
     </span>
    </p>

    <p class='ocr_par' dir='ltr' id='par_1_41' title="bbox 1443 4843 2004 4897">
     <span class='ocr_line' id='line_1_88' title="bbox 1443 4843 2004 4897; baseline -0.004 -3"><span class='ocrx_word' id='word_1_415' title='bbox 1443 4845 1453 4875; x_wconf 75' lang='lat'>⁸</span> <span class='ocrx_word' id='word_1_416' title='bbox 1470 4845 1520 4896; x_wconf 88' lang='lat' dir='ltr'>For</span> <span class='ocrx_word' id='word_1_417' title='bbox 1531 4845 1600 4897; x_wconf 87' lang='lat' dir='ltr'>these</span> <span class='ocrx_word' id='word_1_418' title='bbox 1611 4846 1680 4896; x_wconf 85' lang='lat' dir='ltr'>three</span> <span class='ocrx_word' id='word_1_419' title='bbox 1692 4843 1758 4896; x_wconf 92' lang='lat' dir='ltr'>Coll.</span> <span class='ocrx_word' id='word_1_420' title='bbox 1771 4845 1797 4896; x_wconf 89' lang='lat' dir='ltr'>Z.</span> <span class='ocrx_word' id='word_1_421' title='bbox 1809 4844 1957 4894; x_wconf 74' lang='lat' dir='ltr'>substitutas</span> <span class='ocrx_word' id='word_1_422' title='bbox 1966 4859 2004 4891; x_wconf 91' lang='lat'>:—</span> 
     </span>
    </p>

    <p class='ocr_par' dir='ltr' id='par_1_42' title="bbox 1411 4917 2310 5062">
     <span class='ocr_line' id='line_1_89' title="bbox 1444 4917 2310 4990; baseline -0.003 -16"><span class='ocrx_word' id='word_1_423' title='bbox 1444 4923 1521 4985; x_wconf 89' lang='lat' dir='ltr'>Deus,</span> <span class='ocrx_word' id='word_1_424' title='bbox 1534 4925 1577 4990; x_wconf 82' lang='lat' dir='ltr'>qui</span> <span class='ocrx_word' id='word_1_425' title='bbox 1591 4927 1637 4974; x_wconf 75' lang='lat' dir='ltr'>not</span> <span class='ocrx_word' id='word_1_426' title='bbox 1653 4922 1720 4974; x_wconf 76' lang='lat' dir='ltr'>besti</span> <span class='ocrx_word' id='word_1_427' title='bbox 1732 4921 1847 4974; x_wconf 79' lang='lat' dir='ltr'>iohannis</span> <span class='ocrx_word' id='word_1_428' title='bbox 1863 4921 1983 4985; x_wconf 76' lang='lat' dir='ltr'>baptistae</span> <span class='ocrx_word' id='word_1_429' title='bbox 1995 4920 2111 4974; x_wconf 75' lang='lat' dir='ltr'>concedis</span> <span class='ocrx_word' id='word_1_430' title='bbox 2126 4917 2246 4972; x_wconf 76' lang='lat' dir='ltr'>natalitio</span> <span class='ocrx_word' id='word_1_431' title='bbox 2259 4935 2310 4987; x_wconf 75' lang='lat' dir='ltr'>par·</span> 
     </span>
     <span class='ocr_line' id='line_1_90' title="bbox 1411 4998 2003 5062; baseline -0.002 -11"><span class='ocrx_word' id='word_1_432' title='bbox 1411 5002 1467 5062; x_wconf 80' lang='lat' dir='ltr'>frui,</span> <span class='ocrx_word' id='word_1_433' title='bbox 1480 5004 1532 5052; x_wconf 88' lang='lat' dir='ltr'>eius</span> <span class='ocrx_word' id='word_1_434' title='bbox 1543 5018 1590 5052; x_wconf 87' lang='lat' dir='ltr'>nos</span> <span class='ocrx_word' id='word_1_435' title='bbox 1600 5003 1682 5052; x_wconf 89' lang='lat' dir='ltr'>tribue</span> <span class='ocrx_word' id='word_1_436' title='bbox 1693 5001 1788 5052; x_wconf 83' lang='lat' dir='ltr'>meritis</span> <span class='ocrx_word' id='word_1_437' title='bbox 1798 4999 1921 5050; x_wconf 77' lang='lat' dir='ltr'>adiuuari.</span> <span class='ocrx_word' id='word_1_438' title='bbox 1949 4998 2003 5050; x_wconf 86' lang='lat' dir='ltr'>Per.</span> 
     </span>
    </p>

    <p class='ocr_par' dir='ltr' id='par_1_43' title="bbox 1411 5076 2312 5290">
     <span class='ocr_line' id='line_1_91' title="bbox 1443 5076 2311 5146; baseline -0.009 -14"><span class='ocrx_word' id='word_1_439' title='bbox 1443 5081 1514 5136; x_wconf 74' lang='lat' dir='ltr'>Alia</span> <span class='ocrx_word' id='word_1_440' title='bbox 1535 5081 1584 5140; x_wconf 78' lang='lat' dir='ltr'>Du,</span> <span class='ocrx_word' id='word_1_441' title='bbox 1597 5096 1632 5146; x_wconf 90' lang='lat' dir='ltr'>q.,</span> <span class='ocrx_word' id='word_1_442' title='bbox 1644 5096 1668 5130; x_wconf 91' lang='lat' dir='ltr'>o.</span> <span class='ocrx_word' id='word_1_443' title='bbox 1679 5079 1716 5138; x_wconf 84' lang='lat' dir='ltr'>d..</span> <span class='ocrx_word' id='word_1_444' title='bbox 1728 5079 1794 5130; x_wconf 84' lang='lat' dir='ltr'>intra</span> <span class='ocrx_word' id='word_1_445' title='bbox 1811 5085 1902 5128; x_wconf 81' lang='lat' dir='ltr'>sanctae</span> <span class='ocrx_word' id='word_1_446' title='bbox 1918 5077 2030 5132; x_wconf 69' lang='lat' dir='ltr'>ecclesie</span> <span class='ocrx_word' id='word_1_447' title='bbox 2044 5084 2141 5128; x_wconf 84' lang='lat' dir='ltr'>uterum</span> <span class='ocrx_word' id='word_1_448' title='bbox 2157 5076 2311 5131; x_wconf 80' lang='lat' dir='ltr'>cmstimtos,</span> 
     </span>
     <span class='ocr_line' id='line_1_92' title="bbox 1411 5154 2312 5224; baseline -0.009 -12"><span class='ocrx_word' id='word_1_449' title='bbox 1411 5177 1442 5212; x_wconf 85' lang='lat' dir='ltr'>eo</span> <span class='ocrx_word' id='word_1_450' title='bbox 1464 5173 1511 5209; x_wconf 88' lang='lat' dir='ltr'>nos</span> <span class='ocrx_word' id='word_1_451' title='bbox 1532 5157 1621 5224; x_wconf 86' lang='lat' dir='ltr'>spiritu</span> <span class='ocrx_word' id='word_1_452' title='bbox 1645 5158 1679 5209; x_wconf 86' lang='lat' dir='ltr'>ab</span> <span class='ocrx_word' id='word_1_453' title='bbox 1705 5158 1837 5224; x_wconf 81' lang='lat' dir='ltr'>iniquitate</span> <span class='ocrx_word' id='word_1_454' title='bbox 1864 5162 1950 5206; x_wconf 81' lang='lat' dir='ltr'>nostra</span> <span class='ocrx_word' id='word_1_455' title='bbox 1976 5154 2113 5212; x_wconf 81' lang='lat' dir='ltr'>iustificari.</span> <span class='ocrx_word' id='word_1_456' title='bbox 2134 5169 2185 5221; x_wconf 85' lang='lat' dir='ltr'>quo</span> <span class='ocrx_word' id='word_1_457' title='bbox 2212 5155 2312 5204; x_wconf 72' lang='lat' dir='ltr'>beatum</span> 
     </span>
     <span class='ocr_line' id='line_1_93' title="bbox 1411 5233 2061 5290; baseline -0.011 1"><span class='ocrx_word' id='word_1_458' title='bbox 1411 5241 1544 5290; x_wconf 84' lang='lat' dir='ltr'>iohannem</span> <span class='ocrx_word' id='word_1_459' title='bbox 1557 5239 1621 5287; x_wconf 76' lang='lat' dir='ltr'>intra</span> <span class='ocrx_word' id='word_1_460' title='bbox 1632 5237 1728 5286; x_wconf 80' lang='lat' dir='ltr'>uisoera</span> <span class='ocrx_word' id='word_1_461' title='bbox 1739 5243 1851 5287; x_wconf 82' lang='lat' dir='ltr'>materna</span> <span class='ocrx_word' id='word_1_462' title='bbox 1862 5233 1977 5286; x_wconf 81' lang='lat' dir='ltr'>docuisti.</span> <span class='ocrx_word' id='word_1_463' title='bbox 2005 5233 2061 5284; x_wconf 89' lang='lat' dir='ltr'>Per.</span> 
     </span>
    </p>

    <p class='ocr_par' dir='ltr' id='par_1_44' title="bbox 1411 5309 2314 5690">
     <span class='ocr_line' id='line_1_94' title="bbox 1444 5309 2312 5378; baseline -0.012 -10"><span class='ocrx_word' id='word_1_464' title='bbox 1444 5317 1515 5368; x_wconf 81' lang='grc' dir='ltr'><em>ΑΙία.</em></span> <span class='ocrx_word' id='word_1_465' title='bbox 1543 5314 1576 5366; x_wconf 93' lang='lat'>0.</span> <span class='ocrx_word' id='word_1_466' title='bbox 1593 5323 1619 5364; x_wconf 90' lang='lat' dir='ltr'>et</span> <span class='ocrx_word' id='word_1_467' title='bbox 1635 5314 1775 5364; x_wconf 84' lang='lat' dir='ltr'>misericors</span> <span class='ocrx_word' id='word_1_468' title='bbox 1791 5313 1826 5373; x_wconf 81' lang='lat' dir='ltr'>d..</span> <span class='ocrx_word' id='word_1_469' title='bbox 1843 5313 1885 5378; x_wconf 90' lang='lat' dir='ltr'>qui</span> <span class='ocrx_word' id='word_1_470' title='bbox 1904 5312 2006 5364; x_wconf 83' lang='lat' dir='ltr'>beatum</span> <span class='ocrx_word' id='word_1_471' title='bbox 2025 5310 2159 5362; x_wconf 77' lang='lat' dir='ltr'>iohannem</span> <span class='ocrx_word' id='word_1_472' title='bbox 2176 5309 2312 5375; x_wconf 78' lang='lat' dir='ltr'>baptistam</span> 
     </span>
     <span class='ocr_line' id='line_1_95' title="bbox 1412 5387 2313 5460; baseline -0.009 -14"><span class='ocrx_word' id='word_1_473' title='bbox 1412 5403 1454 5446; x_wconf 81' lang='lat' dir='ltr'>tua</span> <span class='ocrx_word' id='word_1_474' title='bbox 1468 5393 1625 5460; x_wconf 84' lang='lat' dir='ltr'>prouidentia</span> <span class='ocrx_word' id='word_1_475' title='bbox 1641 5390 1779 5452; x_wconf 83' lang='lat' dir='ltr'>destinasti,</span> <span class='ocrx_word' id='word_1_476' title='bbox 1791 5399 1819 5442; x_wconf 83' lang='lat' dir='ltr'>ut</span> <span class='ocrx_word' id='word_1_477' title='bbox 1836 5389 1972 5456; x_wconf 80' lang='lat' dir='ltr'>perlectam</span> <span class='ocrx_word' id='word_1_478' title='bbox 1988 5389 2087 5455; x_wconf 87' lang='lat' dir='ltr'>piebem</span> <span class='ocrx_word' id='word_1_479' title='bbox 2104 5388 2197 5438; x_wconf 85' lang='lat' dir='ltr'>cbristo</span> <span class='ocrx_word' id='word_1_480' title='bbox 2210 5387 2313 5438; x_wconf 89' lang='lat' dir='ltr'>domino</span> 
     </span>
     <span class='ocr_line' id='line_1_96' title="bbox 1411 5465 2314 5539; baseline -0.011 -15"><span class='ocrx_word' id='word_1_481' title='bbox 1411 5481 1575 5539; x_wconf 80' lang='lat' dir='ltr'>praepsraret3</span> <span class='ocrx_word' id='word_1_482' title='bbox 1592 5471 1633 5530; x_wconf 81' lang='lat' dir='ltr'>da,</span> <span class='ocrx_word' id='word_1_483' title='bbox 1645 5487 1678 5535; x_wconf 80' lang='lat' dir='ltr'>q..</span> <span class='ocrx_word' id='word_1_484' title='bbox 1689 5477 1717 5520; x_wconf 90' lang='lat' dir='ltr'>ut</span> <span class='ocrx_word' id='word_1_485' title='bbox 1729 5469 1826 5520; x_wconf 79' lang='lat' dir='ltr'>familia</span> <span class='ocrx_word' id='word_1_486' title='bbox 1837 5475 1881 5520; x_wconf 84' lang='lat' dir='ltr'>tua</span> <span class='ocrx_word' id='word_1_487' title='bbox 1892 5469 1946 5521; x_wconf 85' lang='lat' dir='ltr'>eius</span> <span class='ocrx_word' id='word_1_488' title='bbox 1963 5467 2137 5518; x_wconf 83' lang='lat' dir='ltr'>intercessione</span> <span class='ocrx_word' id='word_1_489' title='bbox 2147 5465 2276 5531; x_wconf 74' lang='lat' dir='ltr'>preconis,</span> <span class='ocrx_word' id='word_1_490' title='bbox 2288 5473 2314 5514; x_wconf 88' lang='lat' dir='ltr'>et</span> 
     </span>
     <span class='ocr_line' id='line_1_97' title="bbox 1412 5543 2312 5615; baseline -0.008 -16"><span class='ocrx_word' id='word_1_491' title='bbox 1412 5567 1428 5600; x_wconf 85' lang='grc' dir='ltr'>ι</span> <span class='ocrx_word' id='word_1_492' title='bbox 1444 5550 1552 5615; x_wconf 88' lang='lat' dir='ltr'>peccatis</span> <span class='ocrx_word' id='word_1_493' title='bbox 1569 5547 1686 5599; x_wconf 89' lang='lat' dir='ltr'>omnibus</span> <span class='ocrx_word' id='word_1_494' title='bbox 1701 5554 1850 5608; x_wconf 69' lang='lat' dir='ltr'>existimet</span> <span class='ocrx_word' id='word_1_495' title='bbox 1867 5546 1974 5597; x_wconf 78' lang='lat' dir='ltr'>adeum</span> <span class='ocrx_word' id='word_1_496' title='bbox 1991 5561 2065 5611; x_wconf 82' lang='lat' dir='ltr'>quem</span> <span class='ocrx_word' id='word_1_497' title='bbox 2081 5543 2242 5611; x_wconf 77' lang='lat' dir='ltr'>prophetnuit</span> <span class='ocrx_word' id='word_1_498' title='bbox 2259 5559 2312 5609; x_wconf 90' lang='lat' dir='ltr'>per·</span> 
     </span>
     <span class='ocr_line' id='line_1_98' title="bbox 1413 5623 2274 5690; baseline -0.007 -11"><span class='ocrx_word' id='word_1_499' title='bbox 1413 5629 1497 5680; x_wconf 87' lang='lat' dir='ltr'>uenire</span> <span class='ocrx_word' id='word_1_500' title='bbox 1508 5643 1653 5690; x_wconf 84' lang='lat' dir='ltr'>mereamur,</span> <span class='ocrx_word' id='word_1_501' title='bbox 1665 5625 1762 5680; x_wconf 81' lang='lat' dir='ltr'>ihesum</span> <span class='ocrx_word' id='word_1_502' title='bbox 1773 5625 1893 5678; x_wconf 83' lang='lat' dir='ltr'>christum</span> <span class='ocrx_word' id='word_1_503' title='bbox 1905 5624 1984 5676; x_wconf 86' lang='lat' dir='ltr'>lilium</span> <span class='ocrx_word' id='word_1_504' title='bbox 1994 5631 2065 5678; x_wconf 81' lang='lat' dir='ltr'>tumn</span> <span class='ocrx_word' id='word_1_505' title='bbox 2076 5623 2142 5676; x_wconf 84' lang='lat' dir='ltr'>dnm.</span> <span class='ocrx_word' id='word_1_506' title='bbox 2153 5631 2274 5675; x_wconf 74' lang='lat' dir='ltr'>ausuum</span> 
     </span>
    </p>
   </div>
   <div class='ocr_carea' id='block_1_30' title="bbox 0 0 2571 6610">
    <p class='ocr_par' dir='ltr' id='par_1_45' title="bbox 0 0 2571 6610">
     <span class='ocr_line' id='line_1_99' title="bbox 0 0 2571 6610; baseline 0 0"><span class='ocrx_word' id='word_1_507' title='bbox 0 0 2571 6610; x_wconf 95' lang='lat' dir='ltr'> </span> 
     </span>
    </p>
   </div>
  </div>
 </body>
</html>
