5148 6612
646 554 717 648 fito
741 573 825 647 peu.

285 754 359 815 enim
379 755 409 814 in
432 763 595 831 conspectu
616 771 719 813 eorum
740 752 917 832 glorificatus
937 771 969 814 es
988 754 1018 812 in
1033 752 1127 826 nobis,
1143 754 1184 812 sic

286 851 314 908 in
337 857 497 926 conspectu
524 857 625 908 nostro
650 846 876 925 glorificaberis¹
898 847 928 906 in
953 846 1036 919 illst
1057 857 1088 907 ut
1112 865 1184 923 cog-

284 952 405 1002 noscant
418 952 447 1002 te
461 943 536 1002 sicut
555 951 585 1001 et
604 959 660 1001 nos
675 943 879 1018 cognouimus
895 941 1035 1019 quoniam
1057 960 1119 1000 non
1140 951 1184 1001 est

285 1037 354 1096 deus
367 1045 463 1115 preter
476 1045 513 1106 te,
528 1035 657 1096 domine.
699 1034 816 1095 Innoua
830 1036 914 1113 signa
928 1045 956 1095 et
971 1036 1084 1094 inmuta
1098 1035 1184 1093 mira·

284 1130 356 1190 bilia.
396 1128 532 1190 Clarifica
545 1148 667 1189 manum
685 1141 714 1190 et
728 1129 880 1190 brachium
895 1129 1039 1189 dextrum.
1081 1127 1185 1188 Excita

283 1224 414 1296 imorem,
436 1237 465 1284 et
493 1223 613 1284 effunde
641 1225 723 1283 iram
775 1222 911 1282 Extolle⁸
935 1223 1134 1282 aduersarium
1155 1233 1184 1282 et

282 1318 374 1396 afflige
399 1318 559 1378 inimicum.
601 1317 718 1378 Festina
736 1328 861 1395 tempus,
883 1328 912 1377 et
932 1327 1082 1376 memento
1107 1315 1182 1390 finis,

282 1424 312 1472 ut
325 1423 459 1472 enarrent
473 1411 616 1472 mirabilia
629 1421 688 1483 tua,
704 1411 822 1472 dominc
832 1413 851 1486 ⁴,
867 1411 940 1471 deus
953 1420 1053 1470 noster
1061 1411 1080 1468 ⁴.

323 1506 476 1567 Gradrmlae.
517 1507 567 1566 Ad
581 1506 735 1568 dominum
755 1506 826 1566 dum
840 1505 993 1566 tribularer
1007 1505 1140 1574 clamem,
1155 1515 1183 1566 et

282 1601 426 1662 exaudiuit
440 1620 498 1660 me.

329 1695 358 1754 V.
379 1694 518 1767 Domine,
532 1695 623 1754 libera
636 1695 767 1754 animam
784 1711 881 1754 meam
901 1712 919 1753 a
937 1693 1020 1754 labiis
1033 1693 1141 1770 iniquis
1155 1702 1184 1751 et

283 1792 410 1869 elingua
423 1789 537 1850 dolosa.
579 1789 682 1849 Aeuia.

327 1885 358 1944 V.
379 1882 474 1958 Multe
488 1883 687 1944 tribulationes
708 1883 860 1954 iustorum,
874 1892 903 1941 et
923 1881 960 1942 de
981 1882 1120 1941 omnibus
1138 1879 1183 1939 his

283 1979 411 2038 liberauit
425 1996 478 2039 coe
492 1978 640 2038 dominus.

553 2136 708 2199 Secundum
723 2137 866 2196 thfianmm
875 2137 895 2196 ⁸.

322 2245 358 2304 ln
372 2245 421 2306 illo
436 2256 569 2324 ternpore
585 2245 659 2305 dixit
678 2246 777 2305 ihesus
797 2243 944 2321 discipulis
959 2243 1034 2303 suis:
1057 2243 1156 2302 Amen
1164 2243 1184 2314 ⁸,

283 2341 347 2400 dico
375 2341 471 2412 uobis,
498 2341 567 2418 quia
594 2340 746 2418 plorabitis
774 2349 804 2398 et
831 2338 936 2399 flebitis
965 2356 1028 2410 uos,
1057 2337 1185 2410 mundus

282 2447 378 2495 autem
388 2434 544 2512 gaudebit3
559 2451 614 2494 uos
624 2443 722 2494 autem
737 2433 989 2500 contristabimini,
1002 2432 1054 2494 sed
1067 2432 1185 2492 tristicia

282 2539 376 2589 uestra
393 2538 522 2589 uertctur
542 2529 572 2588 in
594 2529 742 2607 gaudium.
784 2528 892 2588 Mulier
912 2545 981 2588 cum
1002 2529 1085 2605 parit,
1099 2527 1184 2586 tristi·

283 2625 357 2684 ciam
371 2624 469 2696 habet,
485 2624 553 2702 quia
567 2624 649 2684 uenit
663 2624 734 2683 hora
745 2623 826 2696 cius;
848 2641 917 2682 cum
931 2634 1031 2682 autem
1041 2621 1186 2699 pepererit

283 2737 412 2796 puemm,
427 2719 485 2778 iarn
508 2737 569 2778 uon
590 2718 723 2779 meminit
744 2735 888 2797 pressure,
906 2727 1024 2794 propter
1044 2717 1185 2794 gaudium

282 2814 348 2890 quia
362 2823 448 2873 natus
463 2823 507 2872 est
525 2812 617 2873 homo
640 2814 672 2872 in
690 2813 844 2872 mundum.
885 2811 924 2871 Et
937 2829 992 2870 uos
1007 2811 1093 2888 igitur
1105 2829 1185 2871 nunc

283 2907 402 2984 quidem
417 2907 565 2966 tristiciam
579 2906 702 2967 habetis.
745 2907 855 2967 lterum
877 2917 975 2966 autem
992 2906 1099 2965 uidebo
1120 2923 1184 2976 uos,

284 3013 311 3061 et
332 3001 471 3079 gaudebit
496 3020 548 3063 cor
571 3011 710 3075 uestrum,
732 3012 761 3062 et
785 3001 926 3079 gaudium
946 3011 1075 3060 uestrum
1095 3017 1184 3060 nemo

284 3095 361 3156 tollet
375 3115 393 3155 a
407 3096 503 3156 uobis.

326 3187 513 3267 Offlrlorritm.
536 3189 568 3249 Si
591 3189 782 3250 ambulauero
810 3190 843 3249 in
868 3189 966 3250 medio
994 3187 1185 3248 tribulationis

284 3284 442 3345 uiuificabis
470 3301 528 3356 me,
556 3283 686 3356 domine,
716 3293 745 3344 et
773 3302 861 3362 super
893 3283 966 3344 iram
1001 3283 1184 3342 inimicorum

285 3397 415 3438 meorum
440 3377 581 3440 extendes
602 3397 723 3440 manum
745 3390 835 3450 tuam,
856 3389 886 3439 et
906 3377 1022 3438 saluum
1046 3395 1095 3436 me
1119 3375 1186 3436 iecit

286 3475 470 3534 dexteratua

677 3555 797 3618 Secreta.

324 3663 458 3726 Purificet
478 3681 542 3737 nos,
565 3664 693 3736 domine,
710 3680 879 3742 quesumus,
894 3663 1024 3723 muneris
1044 3659 1186 3738 presentis

284 3757 400 3832 oblatio,
413 3769 443 3820 et
457 3759 564 3836 dignos
579 3777 661 3819 sacra
675 3758 894 3837 participatione
907 3758 1067 3837 perficiant
1095 3757 1173 3817 Peru

667 3905 806 3986 Presalr'o.

323 4014 361 4076 U.
375 4015 414 4074 D.
437 4024 545 4074 aeterne
566 4013 646 4074 deus
688 4011 749 4086 Qui
770 4012 953 4092 fragilitatem
973 4022 1103 4073 nostram
1124 4031 1185 4073 nou

286 4109 378 4171 solum
392 4108 618 4170 misericorditer
632 4107 843 4187 temporalibus
865 4108 951 4166 bonis
972 4107 1133 4167 consolaris
1154 4116 1186 4167 ut

286 4220 341 4264 nos
355 4204 392 4264 ad
407 4213 507 4263 eterna
521 4202 675 4281 prouehas,
690 4202 743 4263 sed
764 4203 851 4261 etiarn
872 4201 943 4279 ipsis
964 4202 1185 4262 aduersitatibus

285 4299 374 4358 seculi
386 4299 533 4376 benignus
552 4297 657 4370 erudis,
672 4306 705 4356 ut
725 4295 763 4356 ad
784 4295 902 4371 celestia
921 4314 1012 4373 regna
1032 4295 1183 4374 perducas.

284 4391 338 4452 Per
348 4392 495 4453 christum

328 4485 497 4547 Communia
540 4485 654 4546 Inclina
674 4503 774 4546 aurem
795 4495 885 4557 tuam,
902 4486 1032 4545 accelera
1051 4496 1083 4545 ut
1101 4503 1185 4546 eruas

283 4599 346 4641 nos.

608 4662 662 4722 Ad
670 4662 863 4739 complendum.

327 4769 437 4843 Prcsta,
466 4768 596 4842 domine,
625 4787 796 4847 quesumus,
823 4781 855 4830 ut
882 4769 1003 4830 terrenis
1033 4770 1185 4830 affectibus

285 4865 403 4944 expiati,
431 4863 471 4924 ad
498 4865 617 4942 superni
648 4863 861 4942 plenitudinem
892 4865 1074 4938 sacramenti,
1103 4865 1185 4926 cuius

281 4959 438 5020 libauimus
451 4969 563 5032 sancta,
577 4959 743 5020 tendamus.
773 4959 852 5019 Peru

590 5169 703 5244 Μίκκα
722 5187 775 5252 pto
795 5187 873 5252 part.

330 5301 376 5362 Da
391 5320 505 5381 pacem,
530 5301 660 5375 domine,
686 5304 895 5364 sustinentibus
923 5313 960 5376 te,
984 5314 1016 5364 ut
1043 5304 1185 5384 prophete

321 5521 622 5590 wumgutfieaberis.
757 5521 898 5578 'Vultis
1021 5524 1186 5578 'Vuhtolle

318 5599 399 5653 ⁴an
410 5618 456 5654 om.
555 5601 652 5657 ‘loun
664 5601 712 5656 xri.
726 5616 815 5654 ιο-η.
914 5603 1114 5656 ‘volumem

1601 554 1671 648 fito
1696 573 1778 647 pto.
2094 575 2137 650 15

1239 754 1279 812 tui
1295 753 1395 814 fideles
1414 754 1454 815 tui
1476 753 1576 814 fideles
1594 753 1795 826 inuenianttu3
1814 751 1919 812 exaudi
1940 771 2043 832 preces
2064 755 2140 815 serui

1237 849 1278 908 tui
1293 858 1322 908 et
1336 849 1430 926 plebis
1444 858 1493 924 tue
1508 848 1621 910 israhel.

1277 943 1422 1003 Psalmus.
1444 942 1565 1004 Letatus
1582 961 1654 1004 sum.

1627 1087 1755 1150 Collecta.

1277 1194 1368 1266 Deus
1384 1214 1402 1256 a
1423 1213 1483 1271 quo
1502 1207 1604 1256 sancta
1617 1194 1768 1266 desideria,
1783 1203 1862 1254 recta
1876 1194 2004 1265 consilia,
2020 1205 2049 1254 et
2064 1194 2139 1256 iusta

1236 1299 1305 1349 sunt
1325 1306 1425 1367 opera,
1449 1289 1488 1350 da
1509 1290 1599 1349 seruis
1622 1290 1679 1350 tuis
1701 1289 1779 1348 illam
1802 1305 1892 1366 quam
1919 1289 2047 1348 mundus
2071 1289 2140 1352 dare

1236 1405 1298 1446 non
1321 1397 1419 1464 potest
1441 1406 1555 1467 pacem,
1577 1397 1660 1448 utet
1682 1386 1773 1448 corda
1796 1396 1896 1447 nostra
1916 1387 2062 1448 mandatis
2083 1387 2140 1448 tuis

1237 1481 1343 1552 dedita,
1358 1493 1388 1542 et
1401 1481 1531 1542 hostiurn
1552 1481 1666 1542 sublata
1688 1481 1851 1554 formidine,
1866 1490 2001 1558 tempora
2018 1481 2076 1540 sint
2090 1489 2140 1540 tua
2185 1515 2191 1528 ·

1236 1577 1420 1652 protectione
1435 1577 1613 1654 tranquillat

1295 1707 1391 1768 Lectio
1405 1710 1526 1786 ept'sloloe
1540 1710 1564 1768 d.
1577 1709 1662 1785 pauli
1676 1709 1793 1786 apostoli
1802 1707 1842 1766 ad
1852 1706 2045 1766 thessalonicae
2054 1706 2072 1766 ¹.

1277 1815 1401 1888 Fratres,
1429 1816 1519 1876 nolite
1552 1816 1677 1876 deficere
1707 1813 1923 1875 benefacientes
1951 1815 2003 1873 itt'
2030 1813 2138 1875 christo

1236 1908 1319 1968 ihesu
1334 1909 1456 1970 domino
1478 1920 1579 1970 nostro
1588 1911 1607 1968 ².
1645 1909 1696 1969 Si³
1710 1909 1775 1988 quis
1796 1907 1914 1968 autem⁸
1935 1925 1997 1967 non
2019 1908 2140 1969 obaudit

1237 2003 1329 2062 uerbo
1343 2015 1445 2064 nostro
1461 2022 1514 2082 per
1534 2003 1700 2082 epistolam,
1715 2003 1793 2064 hunc
1815 2012 1922 2073 notate,
1938 2011 1967 2062 et
1980 2021 2043 2062 non
2057 2021 2139 2062 com-

1237 2097 1418 2156 misceamini
1439 2117 1508 2158 cum
1527 2098 1577 2158 illo
1598 2110 1631 2159 ut
1651 2101 1732 2158 non*
1746 2097 1910 2158 confundar
1918 2095 1938 2156 ⁵.
1991 2095 2029 2156 Et
2050 2097 2140 2158 nolite

1237 2191 1319 2268 quasi
1345 2192 1495 2252 inimicum
1518 2193 1695 2266 existimare,
1720 2191 1773 2253 sed
1797 2190 1933 2268 corripite
1955 2199 1987 2249 ut
2011 2191 2138 2251 fratrem

1236 2290 1305 2368 Ipse
1326 2302 1424 2351 autem
1440 2291 1578 2352 dominus
1595 2293 1676 2369 pacis
1691 2290 1741 2350 det
1762 2290 1847 2350 uobis
1862 2307 1967 2368 pacem
1989 2290 2140 2368 sempiter-

1236 2403 1305 2444 nam
1326 2386 1357 2444 in
1377 2385 1461 2446 omni
1480 2384 1557 2446 loco.
1600 2385 1766 2447 Dominus·
1780 2403 1848 2445 cum
1870 2383 2008 2444 omnibus
2024 2384 2111 2444 uobis
2119 2383 2140 2444 ².

1237 2477 1337 2539 Gratia
1365 2478 1476 2540 domini
1505 2480 1597 2540 nostri
1619 2479 1703 2540 ihesu
1727 2479 1835 2550 christi,
1856 2477 1905 2537 et⁸
1932 2477 2036 2538 caritas
2064 2477 2140 2550 deil,

1237 2593 1304 2634 curn
1319 2575 1457 2634 omnibus
1471 2574 1566 2634 uobis.
1609 2575 1718 2634 Amen.

1280 2667 1434 2728 Graduale.
1455 2667 1575 2743 Letatus
1590 2685 1656 2728 sum
1677 2670 1708 2727 in
1725 2668 1770 2728 his
1791 2686 1850 2746 que
1870 2666 1949 2726 dicta
1969 2676 2038 2726 sunt
2057 2665 2139 2738 mihi,

1237 2763 1267 2820 in
1281 2762 1404 2822 domum
1418 2763 1529 2822 domini
1545 2763 1658 2823 ibimus.

1286 2857 1315 2916 V.
1338 2857 1402 2917 Fiat
1413 2875 1471 2934 pax
1486 2859 1517 2916 in
1530 2858 1636 2917 uirtute
1650 2867 1700 2917 tua
1714 2865 1744 2917 et
1756 2857 1957 2919 habundantia
1967 2858 1999 2919 in
2013 2857 2138 2918 turribus

1237 2951 1302 3011 tuis.
1345 2951 1447 3012 Aeuia.

1285 3046 1315 3106 V.
1338 3044 1399 3119 Qui
1413 3045 1512 3123 posuit
1532 3045 1605 3106 fines
1626 3056 1693 3106 tuos
1713 3064 1828 3124 pacem,
1842 3057 1872 3106 et
1892 3047 1980 3126 adipe
2001 3045 2139 3107 frumenti

1237 3141 1321 3201 satiat
1336 3151 1372 3201 te.

1523 3221 1679 3283 Secundum
1693 3222 1836 3282 iohannem
1847 3224 1866 3282 ⁸.

1279 3331 1316 3390 ln
1331 3329 1380 3390 illo
1395 3339 1527 3406 tempore
1542 3330 1616 3389 dixit
1628 3328 1726 3390 ihesus
1737 3329 1887 3409 discipulis
1900 3330 1961 3390 suis
1973 3349 1981 3402 ;
2003 3346 2108 3407 pacem
2116 3325 2139 3362 ¹⁰

1237 3442 1335 3486 meam
1360 3424 1400 3484 do
1429 3424 1515 3484 uobis
1523 3421 1553 3497 ¹⁰,
1582 3441 1687 3502 pacem
1695 3423 1718 3456 ¹⁰
1740 3424 1875 3502 relinquo
1899 3423 1986 3484 uobis
1994 3421 2024 3482 ¹⁰.
2068 3421 2139 3483 Non

1238 3519 1390 3598 quomodo
1410 3517 1539 3580 mundus
1559 3517 1618 3590 dat,
1639 3537 1698 3597 ego
1720 3519 1759 3579 do
1779 3519 1873 3580 uobis
1918 3517 1989 3578 Non
2009 3518 2140 3578 turbetur

1238 3631 1290 3674 cor
1303 3625 1442 3685 uestrum,
1456 3623 1554 3689 neque
1573 3610 1717 3674 formidet.
1761 3613 1891 3673 Audistis
1911 3613 1981 3690 quia
2001 3628 2059 3689 ego
2080 3611 2140 3672 dixi

1238 3709 1340 3782 uobis;
1361 3707 1439 3767 uado
1457 3716 1487 3767 ct
1505 3708 1594 3768 uenio
1615 3707 1654 3768 ad
1670 3727 1734 3768 uos.
1779 3707 1809 3767 Si
1824 3707 1980 3784 diligeretis
1994 3725 2051 3780 me,
2066 3725 2140 3784 gau-

1239 3802 1344 3864 deretis
1355 3802 1463 3881 utique,
1473 3801 1541 3879 quia
1550 3800 1628 3864 uado
1638 3802 1676 3863 ad
1687 3812 1810 3880 patrem,
1818 3803 1888 3881 quia
1896 3811 1980 3881 pater
1988 3802 2082 3861 maior
2091 3819 2140 3861 me

1238 3908 1290 3958 est.
1320 3896 1359 3957 Et
1374 3915 1453 3957 nunc
1467 3896 1527 3958 dixi
1543 3898 1631 3958 uobis
1645 3897 1815 3976 priusquam
1830 3897 1888 3969 fiat,
1899 3907 1932 3957 ut
1946 3914 2013 3957 curn
2030 3895 2140 3956 iactum

1238 3989 1322 4052 fuerit
1332 3991 1464 4052 credatis.
1494 3990 2021 4069 lamnonmultaloquoruobiscum.
2049 3991 2140 4052 Uenit

1237 4086 1316 4145 enim
1335 4087 1471 4165 princeps
1485 4086 1588 4147 mundi
1602 4087 1696 4160 huius,
1711 4097 1740 4148 et
1754 4087 1784 4146 in
1800 4105 1849 4147 me
1869 4103 1932 4147 non
1952 4086 2041 4146 habet
2057 4086 2140 4164 quic·

1237 4199 1335 4259 quam.
1378 4179 1437 4242 Sed
1451 4190 1482 4239 ut
1496 4193 1657 4258 cognoscat
1677 4180 1805 4252 mundus
1819 4181 1888 4261 quia
1905 4179 1994 4259 diligo
2008 4190 2138 4258 patrem3

1237 4285 1266 4335 et
1281 4276 1355 4334 sicut
1368 4275 1539 4336 mandatum
1553 4275 1634 4338 dedit
1647 4275 1719 4336 mihi
1733 4286 1824 4354 pater,
1838 4277 1881 4338 sic
1895 4276 1980 4336 facio.

1281 4369 1472 4449 offertorium.
1505 4370 1705 4431 Sanctificauit
1731 4388 1851 4449 moyses
1884 4371 1974 4432 altare
2007 4370 2138 4443 domino,

1238 4465 1365 4525 offerens
1390 4483 1478 4544 super
1505 4465 1576 4526 illud
1603 4465 1818 4538 holocaustum,
1844 4475 1872 4526 et
1895 4464 2052 4526 immolans
2076 4464 2139 4524 uic·

1237 4561 1323 4620 times
1347 4559 1416 4621 iecit
1440 4560 1613 4621 sacrificium
1639 4561 1837 4638 uespertinum
1861 4561 1893 4620 in
1919 4560 2043 4620 odorem
2071 4576 2139 4622 sua·

1236 4655 1334 4714 uitatis
1349 4654 1472 4715 domino
1487 4656 1544 4715 deo
1559 4655 1589 4714 in
1605 4664 1768 4732 conspectu
1782 4654 1907 4715 filiorum
1923 4654 2036 4716 israhel

1629 4785 1748 4847 Secreta.

1279 4895 1370 4968 Deus,
1384 4897 1434 4973 qui
1449 4897 1601 4957 credentes
1621 4898 1653 4956 in
1671 4907 1699 4956 te
1719 4896 1847 4975 populos
1867 4897 1954 4956 nullis
1975 4897 2045 4956 sinis
2067 4913 2137 4956 con-

1238 4992 1297 5050 cuti
1322 4991 1491 5063 terroribus,
1517 4991 1638 5069 dignare
1662 5009 1765 5068 preces
1787 5001 1817 5050 et
1840 4990 1950 5050 hostias
1970 4989 2065 5066 dicate
2086 4991 2138 5051 tibi

1237 5085 1331 5162 plebis
1342 5085 1497 5163 suscipere,
1508 5097 1540 5146 ut
1554 5103 1612 5163 pax
1623 5095 1674 5145 tua
1687 5087 1794 5164 pietate
1808 5101 1950 5146 concessa
1964 5084 2138 5146 christianos

1237 5179 1311 5240 fines
1324 5179 1363 5238 ab
1376 5181 1460 5239 omni
1474 5179 1558 5240 hoste
1573 5179 1657 5240 iaciat
1670 5197 1735 5240 esse
1749 5197 1876 5240 securos.
1920 5177 1999 5240 Pers

1269 5367 1279 5397 ²
1296 5365 1383 5418 'ihesu
1394 5365 1430 5418 iii.
1444 5368 1532 5428 13-18.
1635 5365 1669 5395 ¹·¹
1684 5366 1746 5417 Vni.
1757 5383 1804 5416 nm.
1910 5367 1942 5398 Μ
1957 5366 2017 5419 Vul.
2029 5366 2138 5432 Quodsi

1235 5446 1299 5512 quis.
1399 5445 1409 5474 ⁴
1425 5444 1484 5497 vul.
1496 5461 1541 5496 em.
1617 5444 1628 5476 ⁸
1645 5445 1703 5496 vat.
1717 5445 1890 5498 confundatur.
1976 5446 1986 5477 ⁸
2002 5445 2137 5498 Vul.÷sit

1269 5523 1280 5554 ¹
1295 5523 1355 5579 Vol.
1367 5523 1608 5576 seleutia-scribo.
1708 5524 1742 5557 Μ
1759 5523 1818 5576 Vni.
1830 5541 1875 5575 om.
1976 5523 1988 5556 ⁸
2004 5523 2075 5576 Ioau.
2086 5525 2136 5578 xiv.

1238 5615 1326 5669 27-31.
1425 5601 1475 5635 ¹⁰⁴⁰
1492 5602 1552 5656 Vul.
1564 5609 1701 5668 πωπω.
