5122 6610
771 613 932 709 apator.

407 623 477 692 '216

403 821 530 897 signum,
544 827 576 877 ut
590 835 647 896 que
661 815 803 894 signanda
822 825 889 876 sunt
908 815 1016 891 signes,
1030 824 1059 874 et
1075 831 1133 892 que
1147 812 1304 891 aperienda

404 924 472 974 sunt
486 913 601 991 prodas,
616 931 674 990 que
695 911 811 988 liganda
832 920 900 970 sunt
913 910 993 986 liges,
1008 928 1066 987 que
1079 908 1221 969 soluenda
1235 917 1304 968 sunt

404 1008 509 1081 solues,
525 1017 611 1085 atque
633 1006 815 1066 credentibus
837 1023 888 1082 per
908 1005 997 1064 fidem
1010 1005 1200 1082 baptismatis,
1215 1003 1304 1079 lapsis

405 1111 503 1162 autem
514 1101 566 1162 sed
578 1100 780 1178 penitentibus,
790 1118 844 1176 per
857 1099 1047 1158 ministerium
1061 1097 1303 1158 reconciliationis

404 1196 507 1256 ianuas
519 1196 601 1272 regni
615 1194 729 1255 celestis
743 1195 865 1272 aperias.
894 1192 1015 1254 Cunctis
1029 1211 1099 1253 uero
1117 1194 1154 1252 de
1167 1193 1303 1253 thesauro

404 1290 554 1350 dominico
568 1308 647 1349 noua
660 1301 689 1349 et
707 1301 807 1350 uetera
820 1289 951 1366 proferas
969 1287 1006 1347 ad
1020 1300 1150 1348 eternam
1171 1287 1302 1358 salutem,

404 1386 541 1444 omnibus
565 1385 702 1444 consulas
726 1385 819 1462 gratia
844 1384 954 1443 domini
979 1384 1069 1442 nostri
1094 1383 1176 1442 ihesu
1197 1381 1303 1451 christi,

404 1479 450 1538 cui
465 1497 532 1538 cum
547 1489 626 1556 patre
648 1490 677 1538 et
698 1479 797 1557 spiritu
814 1489 916 1538 sancto
937 1488 981 1538 est
1002 1478 1145 1538 honoret
1166 1478 1258 1554 gloria
1274 1477 1304 1534 in

405 1573 502 1634 secula
516 1573 689 1634 sectdorum.

676 1807 737 1866 Hic
749 1808 857 1866 dandus
870 1814 910 1866 est
921 1805 1042 1866 baculus.

445 1951 557 2029 Accipe
568 1951 711 2024 baculum,
723 1951 797 2010 sacri
811 1950 959 2026 regiminis
974 1951 1100 2026 signum,
1113 1959 1145 2008 ut
1158 1947 1306 2009 inbecilles

405 2046 579 2115 consolides,
592 2047 747 2105 titubantes
760 2045 925 2116 confirmes,
940 2063 1047 2122 prauos
1061 2045 1198 2120 corrigas,
1210 2055 1305 2102 rectos

405 2139 512 2216 dirigas
532 2139 564 2198 in
583 2141 663 2198 uiam
684 2138 782 2198 salutis
803 2149 928 2209 aeternae,
942 2139 1109 2217 habeasque
1129 2149 1304 2214 potestatem

405 2235 536 2309 erigendi
564 2234 671 2311 dignos
699 2244 729 2293 et
760 2234 924 2310 corrigendi
952 2233 1099 2309 indignos,
1127 2243 1305 2310 cooperante

405 2328 527 2387 domino
542 2341 642 2388 nostro
657 2327 739 2388 ihesu
754 2328 870 2401 christu,
885 2325 960 2406 (qui)
974 2347 1041 2388 cum
1056 2339 1137 2405 patre
1152 2329 1182 2386 in
1197 2329 1305 2387 unitate

406 2425 522 2502 spiritus
536 2425 637 2496 sancti,
652 2426 698 2484 cui
719 2435 763 2483 est
778 2422 899 2503 (honor)
915 2437 943 2484 et
964 2426 1118 2502 imperium
1132 2443 1184 2503 per
1205 2425 1306 2484 omnia

406 2518 504 2580 secula
518 2519 690 2578 seculorum.
732 2520 838 2579 Amen.

599 2754 688 2816 Nunc
702 2725 883 2814 thchoandum
898 2762 939 2814 est
950 2757 1103 2816 thiroeimn.

448 2893 570 2976 Elegi(t)
598 2905 626 2956 te
651 2896 787 2956 dominus
811 2897 865 2956 sibi
893 2896 1074 2956 sacerdotem
1102 2915 1252 2976 magnum,
1280 2909 1308 2958 et

405 2991 539 3068 aperiens
553 2991 721 3050 thesaurum
735 3009 820 3050 suum
837 2992 981 3051 obtimum
996 2993 1164 3054 habundare
1180 3005 1208 3053 te
1223 2993 1308 3053 saciat

406 3086 437 3144 in
452 3085 590 3144 omnibus
603 3085 698 3146 bonis.

446 3181 500 3240 Pr.
522 3178 666 3239 Exaudiat
681 3191 716 3239 te.

448 3275 489 3333 R.
504 3274 600 3334 Mittat
615 3275 672 3334 tibi.

447 3367 489 3430 R.
518 3368 635 3429 Memor
669 3371 705 3430 sit
739 3368 876 3430 dominus
910 3371 1008 3432 omnis
1042 3345 1174 3430 sacrificii
1201 3372 1249 3444 tui,
1279 3381 1309 3431 et

407 3464 590 3525 olocaustum
604 3473 685 3523 tuum
702 3465 812 3542 pingue
826 3465 883 3524 fiat

456 3559 487 3619 V.
497 3557 595 3618 Mittat
604 3558 655 3619 tibi
670 3559 808 3618 auxilium
822 3559 859 3619 de
874 3571 986 3633 sancto,
997 3569 1025 3619 et
1039 3560 1076 3621 de
1091 3560 1156 3620 sion
1168 3555 1309 3643 [tue]atur

407 3666 445 3714 te.
638 3723 642 3730 ,

453 3747 538 3807 Trac.
559 3746 751 3808 Desiderium.

453 3841 502 3924 Os.
524 3841 641 3903 Memor
663 3845 700 3903 sit
720 3843 857 3904 dominus
875 3845 973 3904 omnis
993 3845 1124 3906 sacrificii
1146 3847 1195 3917 tui,
1209 3855 1238 3904 et
1254 3844 1309 3905 ho·

408 3937 572 3998 locaustum
587 3947 668 3997 tuum
682 3938 791 4014 pingue
806 3939 861 3997 fiat
905 3940 1007 3998 Aeuia.
1049 3941 1180 3999 Alleluia.

458 4032 489 4092 V.
509 4031 726 4091 Letihcabimur
739 4033 770 4090 in
784 4033 899 4092 salutari
910 4045 969 4106 tuo,
981 4044 1009 4093 et
1022 4034 1053 4092 in
1067 4035 1186 4093 nomine
1198 4034 1310 4094 domini

409 4126 456 4186 dei
471 4126 731 4202 magnificabimur.
941 4185 945 4194 ,

451 4220 548 4280 Mittat
561 4221 611 4280 tibi
626 4221 763 4280 auxilium
777 4221 814 4280 de
829 4231 941 4291 sancto,
955 4233 984 4281 et
998 4222 1035 4281 de
1050 4223 1114 4282 sion
1128 4232 1240 4282 tueatur
1254 4233 1290 4282 te.

453 4314 530 4374 Com.
558 4315 749 4392 Unguentum
785 4316 814 4374 in
851 4317 953 4394 capite,
982 4317 1062 4393 quod
1098 4317 1249 4378 descendit
1280 4319 1310 4376 in

409 4408 540 4481 barbam,
562 4410 592 4468 in
621 4410 740 4468 barbam
769 4427 867 4481 aaron,
888 4411 969 4487 quod
990 4411 1140 4471 descendit
1168 4413 1198 4471 in
1227 4430 1309 4472 oram

409 4504 574 4563 uestimenti
595 4505 665 4564 eius.
708 4504 861 4563 Mandauit
874 4503 1011 4565 dominus
1025 4506 1261 4567 benedictionem
1279 4508 1309 4565 in

411 4599 557 4658 saeculum.

451 4691 492 4752 R.
514 4691 593 4753 Ecce
607 4711 696 4770 quam
709 4692 829 4752 bonum.

823 4931 901 4993 Item.

453 5072 533 5133 Sicut
553 5073 594 5133 fui
614 5092 682 5134 cum
702 5087 812 5153 moyse,
826 5075 866 5134 ita
886 5092 935 5134 ero
956 5083 1062 5148 tecum,
1077 5074 1146 5136 dicit
1165 5076 1311 5150 dominus,

411 5167 574 5228 confortare
583 5169 724 5252 populum
733 5187 941 5246 meum,neque
952 5171 1063 5229 timeas.
1085 5169 1164 5231 Ecce
1173 5171 1311 5231 dominus

411 5260 483 5320 deus
498 5272 564 5321 tuus
578 5273 645 5322 ante
659 5272 688 5323 te
703 5273 754 5337 est,
769 5274 798 5324 et
812 5281 871 5322 non
887 5274 914 5323 te
929 5264 1116 5342 derelinquet.

452 5355 506 5414 Ps.
527 5355 672 5417 Exaudiat
684 5367 721 5417 te.

453 5447 494 5508 R.
516 5449 620 5510 Mittat

453 5541 495 5601 R.
517 5541 614 5602 Mittat
634 5545 684 5605 tibi
710 5546 847 5608 dominus
868 5549 1006 5608 auxilium
1028 5548 1064 5610 de
1089 5557 1198 5623 sancto,
1222 5558 1250 5609 et
1275 5549 1312 5609 de

413 5635 479 5698 sion
493 5648 604 5700 tueatur
619 5648 657 5700 te.

1727 605 1899 700 capuensi.

1403 809 1433 869 V.
1454 809 1598 870 Exaudiat
1612 817 1640 868 te
1655 805 1792 866 dominus
1806 806 1837 864 in
1853 804 1901 866 die
1914 804 2112 877 tribulationis,
2128 814 2261 883 protega,

1354 917 1383 966 te
1397 923 1506 965 nomen
1522 905 1569 964 dei
1583 904 1677 962 iacob.

1398 1002 1532 1063 Alleluia.
1574 998 1723 1079 Disposui.

1405 1097 1435 1156 V.
1457 1097 1582 1156 Veritas.

1400 1195 1476 1256 Com.
1498 1193 1675 1253 Letabimur.

1397 1289 1527 1349 Alleluia.
1571 1286 1676 1346 Statuit
1689 1284 1726 1344 ei.

1396 1384 1436 1442 R.
1459 1382 1597 1454 Domine,
1611 1399 1672 1458 per.

1406 1479 1436 1538 V.
1457 1477 1564 1537 Vitam.

1400 1572 1450 1652 Oſs
1472 1572 1575 1632 Gloria
1588 1580 1617 1629 et
1630 1569 1752 1627 honore.

1401 1667 1476 1728 Com.
1498 1666 1606 1726 Beatus
1620 1680 1730 1723 seruus.

1398 1766 1551 1826 Benedixit
1572 1776 1601 1823 te
1621 1761 1710 1822 hodie
1729 1759 1809 1831 deus,
1825 1769 1853 1819 et
1870 1759 1953 1819 unxit
1967 1769 1995 1819 te
2016 1758 2083 1818 oleo
2097 1757 2195 1818 letitiae
2208 1777 2261 1835 pre

1358 1860 1544 1922 consortibus
1559 1858 1626 1917 tuis.

1398 1954 1476 2014 Item.
1497 1953 1614 2012 Memor
1628 1960 1692 2010 esto
1706 1950 1833 2010 nominis
1849 1947 1960 2008 domini
1975 1947 2022 2008 dei
2036 1949 2087 2008 tui.

1397 2052 1451 2111 Ps.
1473 2049 1555 2109 Deus
1569 2048 1701 2107 deorum.

1397 2145 1438 2204 R.
1460 2143 1585 2203 Immola
1598 2143 1656 2200 deo
1671 2140 1843 2200 sacrificium
1856 2140 1958 2212 laudis,
1973 2149 2002 2198 et
2016 2138 2105 2200 redde
2120 2139 2263 2199 altissimo

1357 2251 1428 2300 uota
1443 2249 1500 2298 tua.

1406 2333 1435 2392 V.
1458 2332 1652 2409 Congregate.

1397 2427 1438 2486 R.
1460 2426 1652 2486 Desiderium.

1402 2521 1451 2600 Oſs
1473 2521 1611 2592 Benedic‚
1627 2521 1731 2578 anima

1397 2617 1451 2676 Ps.
1472 2614 1584 2675 Euntes
1605 2615 1752 2690 predicate
1773 2611 1961 2690 euangelium
1982 2613 2073 2690 regni,
2094 2614 2183 2690 gratis
2210 2630 2262 2671 ac·

1357 2711 1483 2789 cepistis,
1497 2709 1586 2786 gratis
1601 2709 1676 2768 date.

1398 2805 1449 2864 Pr.
1472 2803 1571 2864 Nolite
1585 2802 1736 2882 possidere
1750 2820 1861 2872 aurum,
1877 2819 1971 2880 neque
1985 2811 2145 2877 argentum,
2161 2818 2258 2879 neque

1358 2901 1512 2980 pecuniam
1527 2901 1557 2958 in
1571 2896 1729 2977 qui(ao)nis
1742 2898 1853 2958 uestris.

1398 2996 1507 3054 Alium.
1530 2993 1716 3070 Congregate
1730 2993 1768 3050 illi
1783 3001 1899 3052 sanctos
1914 2992 1976 3051 eius
1990 2991 2039 3068 qui
2054 2989 2262 3051 ordinauerunt

1359 3098 1564 3150 testamentum
1578 3088 1640 3148 eius
1656 3105 1743 3164 super
1763 3086 1911 3156 sacrificia,
1926 3096 1954 3144 et
1969 3086 2182 3145 adnuntiabunt
2196 3085 2262 3144 caeli

1359 3185 1495 3246 iustitiam
1509 3185 1572 3243 eius
1586 3184 1655 3261 quia
1669 3184 1742 3242 deus
1756 3193 1823 3241 tuus
1836 3198 1894 3257 ego
1910 3199 1983 3240 sum.

1400 3279 1452 3338 Ps.
1474 3278 1556 3338 Deus
1570 3277 1701 3338 deorum.

1400 3373 1441 3435 R.
1463 3372 1589 3433 Immola
1604 3372 1671 3431 de0.

1410 3470 1440 3529 V.
1454 3467 1648 3545 Congregate.
1690 3464 1820 3525 Alleluia.

1409 3563 1440 3622 V.
1461 3562 1625 3640 Disposuit.

1405 3658 1454 3737 Os.
1474 3658 1611 3728 Benedic‚
1626 3655 1731 3716 anima

1405 3753 1480 3814 Com.
1504 3751 1611 3811 Messis
1635 3751 1754 3828 quidem
1778 3749 1878 3820 multa,
1901 3749 2023 3828 operarii
2046 3757 2143 3808 autem
2168 3747 2264 3825 pauci,

1362 3859 1463 3925 rogate
1477 3846 1629 3906 dominum
1650 3845 1754 3904 messis
1772 3855 1804 3903 ut
1825 3844 1908 3903 eiciat
1923 3845 2072 3920 operarios
2086 3843 2116 3901 in
2137 3860 2265 3902 messem

1362 3961 1454 4003 suam.

1398 4038 1452 4097 Ps.
1474 4032 1513 4092 Ut
1524 4045 1620 4111 supra.

1410 4131 1440 4190 V.
1462 4129 1543 4188 Misit
1567 4129 1665 4188 ihesus
1689 4127 1848 4205 discipulos
1870 4144 1939 4186 suos
1960 4127 2047 4186 binos
2068 4135 2136 4185 ante
2159 4121 2265 4183 faciem

1363 4243 1447 4284 suam
1472 4223 1502 4283 in
1533 4241 1653 4282 omnem
1681 4222 1829 4282 ciuitatem
1858 4232 1887 4280 et
1911 4221 2010 4280 locum
2034 4238 2094 4299 quo
2119 4228 2179 4280 erat
2204 4219 2269 4294 ipse

1361 4329 1510 4390 uenturus,
1525 4328 1555 4376 et
1569 4317 1684 4378 dicebat
1697 4315 1760 4375 illis.

1406 4411 1482 4474 Com.
1505 4411 1614 4471 Messis
1628 4410 1755 4488 quidem.

1723 4691 1880 4782 [Epirota]
1890 4697 1909 4756 ¹.

1404 4851 1566 4922 Karissimi,
1577 4849 1670 4910 fidelis
1681 4869 1787 4922 sermo,
1797 4851 1821 4910 si
1833 4851 1898 4928 quis
1909 4849 2111 4928 episcopatum
2123 4848 2269 4909 desiderat

1362 4948 1475 5008 bonum
1496 4963 1572 5024 opus
1593 4944 1745 5006 desiderat
1788 4943 1913 5022 Oportet
1934 4962 2006 5022 ergo
2027 4945 2200 5021 episcopum
2221 4945 2267 5003 in·

1363 5040 1620 5119 reprehensibilem
1644 5057 1718 5111 esse,
1744 5037 1840 5098 Unius
1868 5039 1968 5098 uxoris
1992 5039 2096 5108 uirum,
2120 5037 2266 5111 Subrium,

1363 5135 1543 5212 prudentem,
1559 5134 1698 5212 pudicum
1703 5131 1722 5206 ²,
1735 5144 1870 5193 ornatum
1879 5131 1898 5205 ¹,
1909 5133 2092 5210 hospitalem,
2104 5133 2266 5203 doctorem,

1364 5228 1435 5288 Non
1449 5230 1641 5301 uinulentum,
1651 5246 1713 5286 non
1727 5245 1938 5305 percussorem,
1948 5227 2001 5287 sed
2015 5229 2191 5298 modestum,
2204 5244 2267 5286 non

1363 5327 1520 5402 litigosum,
1536 5343 1598 5384 non
1618 5325 1765 5404 cupidum,
1786 5323 1844 5399 Sue
1862 5324 1963 5384 domui
1981 5324 2057 5383 bene
2077 5323 2267 5400 prepositum,

1364 5421 1440 5480 filios
1454 5420 1612 5479 habentem
1630 5419 1772 5491 subditos,
1788 5437 1856 5478 cum
1873 5419 1955 5478 omni
1974 5418 2115 5478 castitate.
2157 5415 2187 5476 Si
2202 5416 2271 5494 quis

1398 5654 1405 5684 ¹
1427 5669 1437 5705 a
1449 5655 1626 5722 Tim.iii.1-7.
2026 5652 2037 5684 ¹
2052 5661 2132 5704 tram.
2140 5651 2200 5705 vu.
