5122 6610
576 602 625 690 ᾖ.
642 604 815 680 Ἑαυῐεωῐί.
1531 613 1578 698 ᾖ.
1598 613 1774 690 'flaurrnrft
2030 643 2098 716 153

543 804 606 869 Ad
623 805 849 890 complendum.
1496 815 1559 880 Ad
1576 818 1803 901 complendum.

294 927 422 993 Refecti
456 929 706 1013 partipratione
737 931 880 996 muneris
910 932 1001 1011 sacri,
1030 953 1149 1016 quesu-
1244 913 1418 1032 Supplt'ces
1448 959 1482 1016 te
1513 973 1676 1036 rogamus,
1702 959 1913 1040 omnipotens
1943 958 2035 1040 deus,
2061 970 2099 1027 ut

254 1050 331 1104 mus,
361 1029 496 1093 domine
526 1029 609 1094 deus
638 1039 758 1108 ῐὶῡὸῒθῐ,
788 1040 825 1094 ut
856 1031 948 1096 culus
978 1029 1148 1119 (limium)
1199 1069 1282 1131 quos
1298 1051 1393 1114 donis
1409 1051 1595 1119 caelestibus
1610 1057 1746 1136 satiasti,
1758 1057 1984 1125 intercedente
1998 1063 2099 1126 beato

255 1129 463 1213 exsequimur
477 1128 612 1210 cultum,
628 1130 810 1195 sentiamus
825 1131 988 1197 effectum·
1033 1133 1059 1196 P
1062 1145 1121 1200 esd
1198 1147 1360 1215 laurentio
1376 1161 1521 1235 martyre
1535 1164 1603 1231 tuo,
1619 1166 1780 1239 perpetua
1799 1160 2004 1244 protectione
2026 1184 2097 1228 cus·

1199 1251 1320 1316 todias.
1366 1254 1452 1318 Per.r

310 1352 356 1418 Μ.
371 1355 408 1418 n.
423 1372 491 1440 aun.
520 1353 641 1434 &inrita
655 1355 750 1421 sanni
764 1355 900 1419 laurentii
913 1357 1051 1438 martyris
1061 1359 1082 1421 ¹.

292 1485 432 1566 Adesto,
462 1507 650 1571 quesumus,
680 1487 825 1566 domine,
851 1488 1146 1572 supplicationibus
1533 1483 1636 1560 Statu
1652 1496 1769 1561 luntre

253 1588 375 1662 nostris,
399 1596 442 1666 et,
457 1588 689 1653 intercessione
710 1587 802 1652 beati
825 1587 974 1653 laurentii
993 1591 1146 1671 martyris

251 1687 305 1763 tui,
335 1698 530 1771 perpetuam
563 1688 659 1752 nobis
692 1687 951 1753 misericordiam
984 1688 1146 1772 benignus

252 1787 401 1872 inpende.
446 1787 534 1852 Pers
1241 1790 1302 1854 DA
1333 1804 1451 1871 nouis,
1476 1805 1690 1873 quesumus,
1718 1809 1960 1862 onrmeomrns
1989 1813 2097 1877 osus

623 1872 765 1939 Semta·
1197 1891 1351 1956 uitiorum
1363 1903 1550 1958 nostrorum
1560 1893 1711 1959 flammas
1720 1898 1923 1979 extinguere,
1933 1899 1988 1981 qui
1998 1898 2098 1963 beato

291 1997 439 2076 Hostias,
453 1997 597 2076 domine,
612 2017 695 2080 quas
716 1996 778 2061 tibi
794 1997 970 2076 offerimus,
985 1997 1146 2083 propitius
1196 1992 1359 2058 laurentio
1375 1995 1518 2060 tribuisti
1535 2005 1776 2061 tormentorum
1792 2019 1925 2063 suorum
1946 2001 2098 2065 incendia

249 2097 382 2181 suscipe,
398 2106 440 2172 et,
457 2096 681 2162 intercedente
703 2097 803 2162 beato
824 2098 985 2163 laurentio
1002 2107 1146 2182 martyre
1197 2113 1358 2176 superare.
1404 2093 1490 2159 Per.r

247 2206 310 2277 tuo,
320 2196 450 2262 uincula
461 2205 672 2281 peccatorum
685 2207 870 2262 nostrorum
883 2197 1028 2264 absolue.
1060 2198 1146 2262 Per.r
1578 2199 1726 2265 Secreta..

1535 1652 1598 1716 Ad
1616 1647 1761 1720 missam.

612 2358 773 2440 prefatio⁸
1240 2332 1377 2417 Accipe,
1394 2356 1584 2418 quesumus,
1601 2337 1744 2416 domine,
1765 2360 1902 2405 munera
1923 2329 2098 2425 dignanter

286 2485 330 2550 U.
348 2484 391 2549 D.
408 2495 530 2550 aeteme
545 2484 635 2548 deus
682 2484 729 2548 Et
751 2483 882 2549 deuotis
902 2484 1067 2550 mentibus
1086 2506 1144 2549 na·
1195 2432 1317 2510 οδω
1337 2443 1380 2514 et’
1395 2434 1485 2502 beati
1508 2435 1660 2502 laurentii
1683 2437 1938 2522 SUffmgantibus
1961 2443 2096 2516 mefitis,

247 2585 312 2650 tale
334 2585 424 2650 beati
447 2583 601 2666 martyris
626 2583 675 2648 tui
698 2583 849 2648 laurentii
873 2585 1055 2666 preuenire,
1079 2586 1144 2668 qui,
1195 2533 1238 2597 ad
1262 2544 1385 2599 ”⁰⁵⁸ae
1407 2535 1523 2600 mutis
1545 2536 1708 2601 Milium
1730 2541 1904 2622 Pf⁰1¹01¹ire
1920 2544 2065 2608 concede
2074 2541 2096 2606 ².

248 2683 345 2749 leuita
374 2683 472 2748 simul
495 2693 686 2766 martyrque
707 2683 924 2763 uenerandus,
947 2694 982 2749 et
1012 2685 1144 2768 proprio
1195 2631 1280 2697 Pe*

247 2783 358 2850 clamit
380 2783 541 2866 gloriosus
555 2782 674 2860 officio,
689 2791 724 2847 et
746 2784 961 2867 memorande
982 2784 1144 2867 passionis
1562 2737 1727 2824 prefatw'

249 2882 368 2948 refulsit
384 2883 552 2968 martyrio.
598 2881 660 2946 Per
671 2881 829 2948 christum
839 2881 862 2946 ².
1239 2876 1283 2942 U.
1303 2877 1347 2941 D.
1370 2884 1494 2941 aeterne
1516 2877 1607 2940 deus.
1652 2876 1699 2941 Et
1724 2877 1758 2941 in
1785 2878 1840 2943 die
1864 2878 2096 2947 sollemnitatis

1194 2976 1361 3056 hodierne,
1387 2998 1454 3061 qua
1483 2976 1602 3040 beatus
1632 2975 1819 3054 laurentius,
1842 2977 1951 3044 hostia
1980 2991 2095 3045 sancta

537 3047 600 3112 Ad
617 3047 843 3131 mmpkndum·
1196 3076 1272 3140 uiua
1294 3077 1354 3141 tibi
1377 3075 1521 3161 placens,
1538 3075 1671 3142 oblatus
1694 3086 1753 3153 est,
1770 3078 1826 3161 qui
1845 3078 1921 3162 igne
1938 3098 2095 3143 accensus

286 3174 350 3254 Da,
371 3194 558 3259 quesumus,
580 3173 715 3238 domine
742 3175 825 3240 deus
852 3185 972 3254 noster,
996 3186 1033 3240 ut
1059 3176 1143 3240 sicut
1195 3177 1243 3240 tui
1257 3176 1388 3252 amoris,
1405 3183 1594 3241 constanter
1612 3175 1724 3258 ignem
1747 3177 1901 3244 sustinuit
1922 3179 2093 3260 passionis,

247 3273 332 3340 beati
361 3273 511 3340 laurentii
549 3274 702 3357 martyris
739 3276 787 3339 tui
818 3275 1141 3350 commemoratione,
1194 3285 1228 3340 et
1254 3296 1313 3360 per
1339 3275 1583 3340 immanitatem
1610 3285 1852 3342 tormentorum
1874 3277 2024 3361 peruenit
2050 3278 2093 3342 ad

247 3374 417 3456 temporali
438 3373 644 3458 gratulamur
664 3374 781 3451 officio,
799 3374 845 3440 ita
867 3383 1027 3459 perpetuo
1049 3373 1142 3440 laete-
1193 3377 1387 3441 societatem
1403 3374 1524 3440 ciuium
1539 3394 1765 3458 supernorum.
1806 3374 1868 3442 Per
1883 3375 2041 3441 christum
2051 3377 2073 3440 ³.

249 3495 318 3538 mur
331 3483 478 3558 aspectu.
523 3474 611 3539 Per.r

1490 3559 1552 3626 Ad
1568 3560 1796 3644 complendum.

284 3697 379 3766 llllllll.
398 3701 435 3764 rb.
454 3714 521 3779 nup.
549 3699 685 3778 bernw
698 3699 794 3766 sunni
807 3699 945 3764 laurentii
958 3699 1106 3780 mattpris.
1237 3701 1341 3767 Sacro
1371 3720 1505 3766 munere
1535 3697 1655 3778 satiati,
1684 3698 1849 3782 supplices
1881 3709 1924 3779 te,
1951 3700 2093 3782 domine,

1193 3802 1418 3884 deprecamur,
1431 3809 1469 3864 ut
1480 3799 1570 3882 quod
1582 3798 1696 3864 debite
1710 3799 1878 3864 seruitutis
1889 3799 2093 3883 celebramus

1132 3957 1141 3974 ,
1193 3901 1309 3979 officio,
1324 3899 1549 3964 intercedente
1566 3897 1667 3964 beato
1682 3898 1843 3963 laurentio
1859 3909 2005 3984 martyre
2025 3909 2093 3981 tuo,

287 3957 419 4037 Excita,
441 3957 584 4031 domine,
607 3958 640 4022 in
664 3958 802 4024 ecclesia
825 3969 882 4024 tua
906 3956 1066 4042 spiritum,
1089 3978 1141 4023 cur
1192 4000 1385 4066 sanationis
1400 4009 1467 4064 ωε
1482 4000 1663 4064 sentiamus
1679 4009 1904 4083 augmentum.
1949 4001 2038 4066 pem

246 4055 360 4122 beatus
381 4057 482 4122 leuita
507 4057 686 4123 laurentius
716 4058 861 4135 seruiuit,
885 4068 922 4125 ut
944 4059 1064 4122 eodem
1082 4078 1142 4122 nos

246 4157 399 4242 replente,
411 4159 603 4222 studeamus
618 4179 730 4223 amare
742 4160 831 4243 quod
847 4159 981 4235 amauit,
996 4167 1029 4224 et
1041 4179 1141 4243 opere
1596 4200 1688 4265 Alia·

246 4277 394 4323 exercere
409 4258 499 4341 quod
515 4257 637 4322 docuit.
682 4259 744 4323 Per
753 4255 793 4320 ‘a

535 3832 579 3896 ln
593 3833 709 3916 prima
731 3831 843 3898 missa.

1237 4339 1340 4415 Deus,
1356 4339 1447 4403 cuius
1466 4337 1614 4402 caritatis
1634 4338 1752 4402 ardore
1773 4336 1891 4402 beatus
1912 4336 2091 4403 laurentius

621 4419 761 4486 semla·
1193 4440 1312 4504 edaces
1326 4437 1467 4503 incendii
1482 4436 1644 4515 flammas,
1661 4445 1854 4520 contempto
1873 4445 2090 4521 persecutore,

287 4545 489 4612 Sacrificium
516 4556 664 4612 nostrum
694 4547 764 4626 tibi,
787 4546 928 4620 domine,
952 4564 1139 4628 quesumus,
1193 4540 1323 4612 deuicit‚
1334 4537 1478 4603 concede
1487 4545 1524 4602 ut
1533 4556 1656 4616 omnes,
1666 4537 1723 4620 qui
1735 4537 1883 4619 martyrii
1893 4538 1962 4600 eius
1972 4536 2090 4601 merita

245 4647 330 4713 beati
349 4647 500 4713 laurentii
523 4650 670 4732 precatio
685 4659 799 4714 sancta
820 4647 982 4726 conciliet,
997 4656 1033 4711 ut
1048 4647 1140 4712 cuius
1192 4658 1395 4714 ueneramur,
1418 4635 1631 4722 protectionis
1656 4645 1724 4701 tuae
1748 4635 1873 4701 auxilio
1895 4637 2090 4699 muniamur.

244 4745 365 4813 honore
397 4747 603 4812 sollemniter
631 4747 808 4813 exhibetur
830 4747 956 4813 meritis
982 4747 1141 4811 efficiatur
1193 4741 1280 4805 Pera

244 4857 423 4931 acceptum.
464 4848 527 4912 Per
536 4845 558 4912 ⁶.
1191 4875 1196 4880 ·

1223 4937 1232 4968 ¹
1249 4949 1276 4988 Α.
1287 4936 1425 4988 Confessio.
1699 4945 1742 4984 or.
1753 4933 1892 4986 Confessio.

272 5041 282 5073 ι
297 5052 324 5090 Α,
335 5041 469 5106 Dispersst·
747 5051 791 5090 ω.
802 5039 891 5089 ontio
902 5053 966 5092 mea,
1248 5027 1286 5066 rs.
1297 5015 1405 5068 Caritate
1416 5015 1527 5066 domino.
1699 5024 1742 5062 (το.
1756 5013 1806 5076 Qui
1817 5011 1880 5062 mibi
1891 5011 2022 5062 ministrat.

294 5120 489 5171 pensarum.
746 5128 790 5168 co.
803 5117 928 5182 Quinum
1248 5092 1558 5182 nemausumque..
1699 5088 2023 5181 (ruodmanno.
2062 5166 2089 5180 ..

297 5210 322 5248 ι.
334 5198 465 5263 numu
748 5193 1139 5258 (meconitebortibtdomine.
1249 5185 1275 5223 v.
1289 5171 1351 5238 lene
1362 5186 1402 5222 ¹¹¹0
1412 5178 1568 5222 e’cunnum-
1698 5180 1744 5217 ev.
1759 5167 1848 5228 Am»
1866 5183 1939 5218 men
1952 5167 2018 5228 duo
2033 5167 2091 5217 Nm

296 5288 322 5327 v,
333 5276 425 5326 Potens
436 5276 461 5326 in
472 5283 544 5328 terra.
745 5286 791 5325 rw.
802 5275 829 5326 si
840 5275 895 5340 quis
906 5274 961 5326 uult
971 5280 1028 5339 post
1040 5275 1100 5338 me).
1233 5262 1292 5341 ‚Ab
1305 5251 1395 5300 Bm
1406 5249 1453 5299 ¹¹5¹·
1685 5326 1690 5339 ι
1759 5325 1765 5338 ι
1779 5247 1905 5337 Qum)-

271 5351 328 5405 ¹0.
340 5369 365 5419 p·
378 5368 434 5419 ³²⁹·
449 5355 476 5404 z
1190 5329 1253 5380 Tbrs
1264 5329 1355 5380 second
1367 5327 1437 5378 Mass
1449 5326 1488 5378 for
1497 5326 1534 5378 St.
1546 5326 1672 5377 Laurenoe
1683 5341 1705 5376 rs
1716 5325 1822 5376 omitted
1835 5325 1899 5375 rnY.

270 5432 281 5463 ι
296 5433 389 5484 Nm,
400 5433 462 5484 B0d.
473 5434 502 5486 E
513 5434 545 5485 Ο,
554 5433 586 5484 v·
1222 5406 1233 5436 ¹
1249 5408 1353 5458 Secreta.
1386 5403 1540 5456 Sacrificium
1556 5411 1668 5454 nostrum
1679 5404 1733 5464 ribi,
1745 5403 1853 5459 domine.
1864 5417 2012 5468 quaesumns,
2023 5400 2091 5452 beati

270 5511 280 5542 r
296 5511 348 5562 po,
358 5511 408 5562 yffi,
419 5511 485 5564 (3011,
496 5511 528 5562 y·
542 5511 688 5562 substitute,
698 5509 742 5562 the
753 5509 821 5563 0011·
832 5509 862 5560 os
870 5510 914 5561 th,
924 5517 982 5561 nm
994 5510 1072 5560 Ma„¹
1189 5485 1305 5537 laurentii
1321 5489 1407 5535 sancta
1418 5485 1536 5550 praecario
1552 5481 1675 5544 conciliet,
1688 5487 1717 5531 ut
1730 5481 1800 5530 cuius
1812 5479 1907 5531 bonore
1922 5480 2092 5546 sollempniter

255 5590 296 5720 bi.
296 5590 328 5640 V.
351 5588 406 5641 'l'he
417 5589 471 5642 Sec.
483 5589 508 5640 in
520 5590 547 5640 Z.
558 5589 646 5656 begins
658 5589 761 5656 Accipe,
774 5605 807 5654 q..
819 5589 884 5654 dne,
896 5604 998 5640 munera
1008 5587 1139 5653 dignanter
1190 5563 1319 5709 ‘¹2¹¹th'
1330 5563 1425 5708 2²⁹5?
1436 5561 1555 5614 ‘ffidffl‘
1566 5565 1706 5625 melitum·
1738 5559 1793 5610 Pei·
1812 5559 1839 5611 Z·

239 5683 255 5720 0
296 5675 330 5720 ii.
1273 5680 1281 5694 ·
1310 5680 1316 5692 ·
1380 5680 1385 5693 ·
1420 5681 1427 5694 .

1764 5739 1791 5791 X
