5122 6610
428 541 498 612 140
615 518 700 607 ὦῶ.
718 520 882 610 nitunt,
901 525 971 609 itt,
989 521 1130 613 tittttli·
1544 520 1631 609 ὦῶ.
1649 519 1792 610 istriis,
1811 519 1966 616 titillent,
1985 523 2106 598 intuiti

721 718 783 783 Ad
799 719 1020 803 comphndun.
1377 723 1434 809 qui
1463 725 1533 789 eius
1559 711 1721 788 beneficia
1746 715 1926 805 poscimus,
1945 721 2034 788 dona
2062 727 2131 790 tuae
2159 723 2274 808 gratiae

469 846 644 928 Perceptis,
681 844 824 923 domine,
859 845 1056 911 salutaribus
1101 849 1323 927 sacramentis,
1376 843 1624 909 ⁶⁰⁰⁸0q⁰³m⁰f·
1669 823 1732 888 Pes
1746 823 1917 887 dOmlssum
1933 833 2105 889 nostrumn

424 941 591 1011 humiliter
606 946 829 1028 deprecamur,
841 953 887 1023 ut,
899 945 1124 1011 intercedente
1134 945 1234 1012 beato
1246 967 1324 1012 con·
1704 994 1813 1076 Super
1826 993 1940 1060 oblata·

424 1047 548 1111 sessore
562 1055 620 1110 tuo
642 1043 829 1121 benedicto,
845 1064 921 1126 quae
943 1065 1004 1127 pro
1024 1045 1111 1110 illius
1133 1047 1323 1112 uenerando

1419 1119 1569 1198 Munera,
1592 1118 1735 1198 domine,
1762 1118 1873 1185 oblata
1898 1120 2074 1197 sanctifica,
2104 1129 2148 1201 et,
2174 1121 2273 1186 inter·

423 1151 554 1234 agimus
588 1148 680 1217 obitu
719 1148 814 1214 nobis
851 1146 1052 1236 proficia(n)t
1089 1151 1132 1215 ad
1170 1152 1322 1218 salutem.
1760 1220 1767 1236 ι

425 1249 517 1316 pert
1376 1221 1515 1287 cedente
1530 1220 1633 1284 beato
1654 1239 1790 1304 georgio
1814 1228 1959 1302 martyre
1978 1230 2046 1297 tuo,
2063 1241 2123 1286 nos
2140 1241 2199 1305 per
2211 1219 2273 1304 hec

1374 1341 1395 1384 a
1410 1329 1623 1404 peccatorum
1638 1329 1823 1384 nostrorum
1839 1319 1978 1384 maculis
1993 1320 2148 1389 emunda.
2176 1321 2262 1388 Pera

491 1469 629 1538 stetit.
642 1470 702 1535 ital.
715 1471 784 1535 nai
817 1469 930 1535 Natali
944 1474 1111 1536 sauctorum
1125 1471 1254 1552 tiburtii,
1737 1492 1911 1575 Prosatio.

706 1567 856 1639 nanneni,
872 1570 900 1630 ’ί
913 1566 1055 1630 ww·
1421 1607 1464 1674 U.
1479 1608 1524 1673 D.
1546 1627 1605 1692 per
1626 1605 1786 1672 christum
1810 1607 1982 1671 dominum
2004 1618 2164 1674 nostrum.
2210 1609 2272 1673 Pro

469 1702 604 1778 Preeetar
632 1721 820 1783 quesumus,
845 1697 1055 1782 OmsslPOtessS
1079 1699 1170 1778 deus,
1200 1709 1237 1765 ut
1266 1699 1324 1782 qul
1376 1708 1467 1773 cuius
1504 1707 1638 1772 nomine
1678 1705 1868 1771 ueneranda
1908 1705 2114 1772 confessione
2156 1706 2272 1772 beatus

422 1811 611 1867 sanctorum
626 1809 759 1865 tuorum
782 1799 915 1877 tiburtii,
931 1797 1097 1876 ualeriani,
1118 1809 1152 1864 et
1175 1798 1322 1877 maximi,
1375 1819 1502 1892 martyr
1515 1807 1669 1891 georgius
1683 1807 1812 1871 diuersa
1827 1804 1989 1889 supplicia
2003 1805 2166 1884 sustinuit,
2182 1816 2217 1872 et
2232 1828 2271 1871 ea

422 1900 596 1967 sollemnia
621 1899 767 1975 colimus,
793 1917 907 1963 eorum
929 1898 1031 1962 etiam
1053 1898 1192 1962 uirtutes
1213 1898 1322 1962 imite·
1375 1907 1553 1973 deuincens
1568 1926 1723 1972 coronam
1739 1905 1967 1988 perpetuitatis
1983 1906 2173 1989 promeruit.
2211 1907 2274 1972 Per

308 2045 313 2055 ·
423 2021 505 2066 mur.
548 1999 635 2064 Pers
1375 2027 1476 2092 quem
1486 2007 1508 2072 ¹,

807 2095 945 2160 Secreta.
1669 2091 1731 2156 Ad
1748 2090 1977 2175 complendum.

469 2218 592 2290 Hostia
613 2219 694 2296 haec,
707 2240 895 2302 quesumus,
907 2217 1050 2299 domine,
1062 2240 1163 2302 quam
1178 2218 1212 2284 in
1227 2241 1322 2287 sanc·
1419 2205 1593 2291 Supplices
1623 2215 1657 2270 te
1686 2223 1851 2288 ‘egemus’
1874 2204 2084 2288 emsslPOlesse
2114 2205 2206 2280 deus,
2232 2215 2270 2271 ut

422 2334 532 2389 torum
547 2331 679 2386 tuorum
701 2319 858 2384 natalitiis
873 2328 1079 2385 recensentes
1094 2315 1270 2400 offerimus,
1286 2330 1321 2386 et
1374 2325 1458 2390 ‘1⁰0⁸
1480 2306 1545 2370 lule
1561 2304 1666 2369 fefiele
1688 2304 1911 2383 sacrementis,
1927 2305 2152 2370 intercedente
2173 2304 2272 2370 beato

422 2421 552 2488 uincula
573 2430 694 2486 nostrae
714 2416 886 2503 prauitatis
908 2419 1071 2496 absoluat,
1088 2428 1122 2484 et
1137 2429 1204 2484 tuae
1226 2419 1322 2485 nobis
1373 2406 1507 2490 geefgle
1524 2414 1669 2487 martyre
1691 2413 1760 2480 tuo,
1776 2404 1958 2469 fibi'etiam
1981 2404 2110 2488 placitis
2126 2406 2269 2470 moribus

419 2517 643 2603 misericordie
657 2521 746 2584 dona
761 2518 920 2584 conciliet.
966 2519 1052 2583 Pent
1374 2507 1549 2590 dignanter
1563 2505 1689 2570 tribuas
1705 2505 1878 2570 deseruire.
1925 2505 2011 2569 Pers

782 2693 959 2776 Proefatio·
1241 2787 1243 2794 ,
1421 2724 1518 2792 rtur.
1531 2725 1591 2789 tu
1606 2725 1675 2790 nu
1707 2723 1820 2790 utun
1834 2725 1928 2790 nanu
1941 2724 2044 2790 unu
2056 2725 2222 2806 menas

465 2823 509 2888 U·
526 2811 568 2887 D·
584 2828 707 2887 aeteme
722 2818 812 2883 dem·
859 2817 904 2884 Ei
918 2827 954 2884 ie
974 2818 1007 2882 ³¹¹
1029 2830 1220 2886 ”newsum
1236 2839 1321 2885 Μ’·
1418 2841 1551 2921 Praesta,
1567 2860 1756 2924 quesumus,
1773 2839 1985 2923 omnipotens
2006 2839 2096 2917 deus,
2112 2847 2157 2919 ut,
2172 2839 2267 2905 inter·

421 2935 533 3010 tyrum
545 2920 725 2986 festiuitate
734 2918 878 3033 laudare,
889 2918 945 3003 qui
958 2938 1090 3003 semper
1100 2941 1136 2985 es
1146 2919 1321 2987 laudabilis
1373 2941 1512 3006 cedente
1533 2939 1634 3005 beato
1658 2939 1761 3004 uitale
1789 2949 1936 3021 martyre
1957 2950 2024 3018 tuo,
2048 2948 2082 3004 et
2104 2960 2126 3003 a
2147 2939 2270 3004 cunctis

421 3027 599 3089 initorum
611 3027 927 3084 eemfflemOfetlesse
938 3027 1137 3098 sancimen,
1147 3028 1181 3084 et
1192 3041 1321 3104 megssae
1372 3040 1627 3106 aduersitatibus
1650 3038 1826 3104 liberemur
1845 3040 1878 3102 in
1901 3059 2046 3122 corpore,
2062 3048 2097 3104 et
2119 3059 2139 3102 a
2161 3039 2269 3122 prauis

420 3124 498 3189 fidei
513 3119 641 3205 largiris
655 3116 823 3193 affectum,
839 3127 873 3183 et
888 3117 1098 3184 tolerantiam
1113 3117 1229 3184 tribuis
1244 3141 1319 3203 pas-
1373 3139 1628 3223 cogitationibus
1658 3140 1856 3203 mundemur
1885 3138 1918 3202 in
1949 3149 2070 3203 mente.
2120 3139 2183 3204 Per
2210 3137 2268 3203 do·

420 3224 559 3298 sinuum,
575 3229 610 3288 et
624 3218 752 3301 antiqui
767 3214 871 3282 hostis
887 3215 968 3283 sacis
984 3238 1138 3302 superare
1154 3218 1321 3283 machina·
1374 3241 1525 3305 minumy

420 3331 591 3400 mentum;
611 3338 676 3401 quo
689 3319 811 3401 egregii
828 3326 988 3400 martyres
1001 3317 1048 3382 tui
1063 3314 1107 3382 ad
1123 3317 1320 3400 capiendam
1751 3322 1893 3391 Secreta.

420 3438 635 3506 supemffllm
658 3416 897 3482 bfflilffldlnem
916 3418 1125 3499 Psemifflumt
1140 3417 1237 3484 mlffis
1257 3421 1318 3483 lm·
1414 3439 1566 3524 Accepta
1584 3439 1627 3504 sit
1643 3441 1678 3504 in
1700 3447 1880 3520 conspectu
1903 3446 1971 3516 tuo,
1992 3435 2135 3512 domine,
2158 3446 2269 3501 nostra

420 3521 596 3605 pediantur
607 3516 793 3583 femellis
807 3515 1120 3582 blandimenmmm·
1145 3517 1208 3582 Pei
1218 3517 1319 3584 chiis*
1371 3541 1516 3620 deuotio,
1534 3539 1653 3606 eteius
1668 3537 1764 3602 nobis
1779 3536 1838 3602 fiat
1852 3537 2091 3620 supplicatione
2109 3535 2267 3613 salutaris,

419 3620 523 3686 lumi
718 3703 780 3767 Ad
796 3703 1025 3786 cmpkndum·
1371 3660 1432 3723 pro
1447 3640 1539 3704 cuius
1555 3638 1778 3704 sollemnitate
1791 3635 1946 3701 defertur.
1991 3637 2076 3700 Pers

464 3831 567 3898 Sacro
603 3850 738 3894 munere
767 3829 877 3895 sanati
908 3829 1073 3913 supplices
1103 3839 1146 3905 te,
1178 3829 1319 3907 domine,
1667 3804 1728 3869 Ad
1745 3801 1972 3886 “implendum-

420 3933 644 4015 deprecamur,
666 3938 704 3994 ut
724 3929 813 4012 quod
838 3929 961 3994 debitae
985 3929 1154 3994 seruitutis
1174 3928 1319 3993 celebra·
1417 3918 1545 3984 Reiecti
1556 3918 1807 4001 participatione
1820 3916 1963 3980 muneris
1974 3915 2067 3991 sacri,
2080 3932 2266 3997 quesumus,

420 4052 494 4096 mus
523 4031 641 4108 officio,
667 4028 946 4095 intercedentibus
970 4029 1092 4094 sanctis
1115 4028 1191 4107 tuis,
1212 4028 1319 4093 salua-
1370 4019 1506 4084 domine
1524 4019 1606 4082 deus
1622 4025 1741 4093 noster,
1752 4024 1789 4080 ut
1804 4016 1895 4080 cuius
1911 4015 2124 4097 exsequimur
2142 4014 2266 4078 cultum

420 4130 519 4196 tionis
534 4140 591 4212 tue
606 4129 787 4195 sentiamus
802 4137 1030 4213 augmentum.
1076 4129 1161 4193 Pers
1372 4119 1553 4184 sentiamus
1567 4116 1729 4183 effectum.
1774 4115 1861 4180 Per.t

366 4309 368 4312 Ι
450 4346 561 4415 tutti.
577 4321 637 4410 iul.
650 4348 719 4411 urai
750 4345 864 4411 Natatr
877 4346 973 4412 sanni
986 4347 1105 4426 turm,
1119 4346 1258 4428 nattpris
1267 4351 1286 4412 ⁴.
1469 4349 1545 4415 att
1560 4349 1628 4414 nat
1655 4345 1864 4430 ffipustulurun
1877 4345 1999 4428 philippi
2012 4351 2040 4409 rt
2053 4345 2170 4410 inuiti

462 4493 565 4569 Deus,
578 4492 635 4576 qui
647 4511 708 4557 nos
722 4491 812 4556 beati
823 4491 947 4576 georgii
961 4491 1113 4574 martyris
1129 4489 1177 4557 tui
1194 4490 1319 4556 meritis
1415 4464 1530 4540 Duos,
1546 4479 1614 4543 Qut
1636 4477 1707 4529 uos
1725 4475 1863 4528 suunt
1879 4474 2154 4528 nrosronouuu
2177 4471 2268 4525 ruo

420 4604 454 4658 et
477 4592 712 4658 intercessione
738 4590 896 4668 laetilicas,
919 4593 1065 4656 concede
1087 4591 1258 4676 propitius,
1281 4600 1318 4655 ut
1372 4579 1456 4630 RUM
1490 4565 1631 4650 Philippi
1662 4574 1696 4630 et
1725 4562 1831 4627 lambi
1861 4562 2086 4627 ⁸⁰llem¹¹lt³le
2111 4559 2269 4674 laeilfifaffn

1281 4699 1283 4708 ·
1371 4674 1501 4748 praesta,
1516 4684 1704 4748 quesumus,
1720 4672 1758 4728 ut
1772 4681 1914 4744 quorum
1937 4662 2123 4746 gaudemus
2145 4669 2269 4724 mentrs

452 4798 460 4828 ¹
478 4797 509 4846 ll.
521 4795 565 4846 iol.
578 4795 642 4861 84b.
666 4793 738 4846 ÷Ad
746 4801 884 4858 uesperum.
921 4791 1046 4844 Fidelium
1059 4801 1165 4855 tuorum,
1178 4809 1316 4860 quesumus,
1371 4765 1568 4828 instmamffi
1583 4762 1757 4845 exemplis·
1802 4760 1888 4824 Pes!

418 4875 526 4936 domiue,
539 4881 599 4924 uota
609 4888 707 4924 serenus
718 4872 826 4934 intende,
839 4879 865 4922 et
875 4871 1015 4922 interuentu
1025 4871 1094 4922 beati
1104 4871 1236 4934 benedicti,
1249 4872 1318 4922 cuius

418 4951 582 5018 depositionis
596 4950 748 5002 celebramus
764 4950 839 5008 diem,
849 4965 866 4999 a
883 4951 978 5000 cunctis
995 4965 1041 4999 nos
1055 4950 1185 5000 absolutos
1202 4951 1318 5008 reatibus,
1405 4937 1414 4969 ¹
1428 4938 1461 4990 0·
1472 4955 1497 5005 t>-
1510 4953 1566 5003 ³¹7·
1578 4939 1605 4990 Ζ·

419 5031 487 5080 lestis
500 5029 607 5082 concede
619 5029 734 5079 interesse
745 5027 877 5094 perpetuis.
914 5029 961 5079 Per
971 5028 1107 5080 dominum.
1127 5029 1154 5080 Z.
1403 5015 1413 5046 ¹
1429 5029 1455 5068 Α·
1467 5016 1609 5066 Preiexiefi·
1879 5024 1923 5064 nt..
1937 5011 2027 5062 Glerle
2037 5019 2070 5062 ei·

452 5107 462 5135 ²
473 5120 499 5159 Α.
510 5107 595 5158 Sancti
602 5107 763 5165 tuidomine.
772 5108 843 5158 bene·
928 5117 971 5156 nt..
984 5105 1068 5156 Sancti
1080 5105 1126 5164 tui,
1137 5107 1245 5158 domine.
1431 5106 1468 5145 ΡΒ·
1486 5095 1592 5156 heedir
1610 5093 1678 5154 defle,
1701 5093 1794 5144 erelie·
1879 5101 1923 5140 0¹²·
1935 5089 2034 5156 Replell
2046 5103 2138 5140 eumue·

550 5185 642 5236 dicent,
927 5197 971 5236 or.
983 5185 1115 5236 utamini,
1501 5187 1565 5223 nem.
1878 5179 1922 5218 cu.
1935 5169 1992 5234 Ego
2002 5183 2058 5218 rum
2069 5167 2136 5218 uitis.

479 5277 517 5314 rs.
529 5263 653 5314 Exsltabo
664 5271 697 5322 te,
708 5264 776 5315 deus.
927 5275 970 5316 cu.
984 5263 1105 5324 Gaudete,
1116 5263 1183 5315 iusti.
1402 5263 1413 5294 ⁸
1429 5263 1644 5315 Exclamsuernnt.
1880 5270 1925 5312 cu.
1937 5260 2020 5310 Tanto
2031 5267 2151 5324 tempore.

452 5343 463 5374 ⁸
478 5343 510 5393 0.
521 5357 546 5408 p.
560 5342 616 5404 316.
628 5343 655 5392 Z.
1431 5355 1469 5392 ιέ.
1479 5342 1606 5403 Exultate‚
1620 5342 1687 5392 iusti.
1880 5340 1935 5401 (ur.
1945 5337 2050 5388 Stabunt
2062 5336 2128 5387 iusti.

452 5425 460 5451 ⁴
478 5436 502 5472 Α.
515 5423 648 5475 Protexisti
660 5439 708 5474 me.
927 5437 971 5475 nt.
984 5425 1076 5476 Beatus
1087 5423 1133 5475 uir.
1431 5431 1475 5471 nt.
1487 5419 1571 5469 Nimis
1582 5419 1707 5470 honorati.
1879 5427 1925 5468 tv.
1942 5415 2002 5466 Non
2022 5415 2134 5466 turbetur
2152 5429 2195 5466 cor
2214 5428 2270 5464 ues-

480 5513 516 5552 rs
534 5501 638 5559 Exaudi.
659 5501 727 5563 deus,
751 5503 843 5553 oratio·
926 5503 1180 5553 01².Confitebnntur.
1431 5509 1475 5551 nt.
1487 5499 1610 5560 Gaudete,
1623 5497 1689 5549 insti.
1978 5495 2063 5559 trum).

551 5595 607 5630 nem
618 5595 682 5632 cum.
926 5593 969 5631 co.
983 5579 1120 5632 Laetabitur
1132 5581 1219 5630 iustus.
1430 5589 1474 5629 or.
1486 5577 1685 5630 confitebuntur.
