5116 6608
407 579 480 654 250
729 557 981 635 ltrurtttttturs.

711 792 902 858 dardanus
922 809 1008 874 aqut.

449 941 616 1006 Exorcizo
647 951 692 1017 te,
723 950 874 1006 creatura
903 961 998 1024 aque,
1028 939 1062 1004 in
1091 938 1226 1004 nomine
1255 937 1310 1003 dei

406 1041 510 1124 patris
537 1041 783 1124 omnipotentis,
807 1050 841 1105 et
868 1040 902 1104 in
927 1039 1061 1104 nomine
1083 1039 1176 1103 ihesu
1199 1038 1310 1104 christi

406 1140 464 1205 filii
492 1141 561 1203 eius
584 1139 710 1205 domini
733 1139 845 1219 nostri,
869 1149 905 1204 ut
926 1139 986 1204 fias
1008 1158 1096 1220 aqua
1122 1136 1311 1203 exorcizata

406 1240 450 1303 ad
476 1239 688 1322 effugandam
714 1259 848 1303 omnem
874 1246 1078 1321 potestatem
1105 1237 1248 1316 inimici;
1277 1245 1312 1301 et

405 1340 515 1420 ipsum
546 1338 715 1402 inimicum
746 1339 911 1402 eradicare
941 1347 975 1401 et
1006 1337 1204 1419 explantare
1236 1356 1310 1400 cum

406 1438 533 1521 angelis
569 1439 636 1502 suis
673 1438 874 1520 apostaticis,
906 1457 966 1521 per
995 1438 1152 1501 uirtutem
1187 1435 1312 1501 domini

407 1538 510 1603 nostri
532 1537 625 1602 ihesu
648 1537 769 1602 christi.
814 1536 882 1621 Qui
905 1537 1011 1600 uiuit.t

720 1758 886 1822 lssmrtittis
907 1775 996 1840 aqua.

452 1905 554 1981 Deus,
570 1905 627 1988 qui
644 1906 688 1970 ad
707 1905 849 1971 salutem
865 1905 999 1969 humani
1021 1904 1151 1988 generis
1168 1905 1315 1970 maxima

408 2025 540 2088 queque
562 2015 769 2070 sacramenta
791 2007 823 2069 in
845 2024 1005 2087 aquarum
1028 2005 1213 2069 substantia
1237 2024 1315 2068 con·

408 2104 532 2180 didisti,
548 2105 666 2169 adesto
681 2105 945 2169 inuocationibus
961 2105 1089 2182 nostris,
1099 2112 1133 2167 et
1149 2103 1316 2168 elemento

408 2203 484 2268 huic
512 2203 718 2268 multimodis
742 2203 1023 2287 purificationibus
1049 2212 1227 2286 preparato
1251 2203 1315 2266 uir-

409 2312 517 2367 tutem
534 2312 591 2386 tue
606 2302 846 2368 benedictionis
862 2302 1004 2378 effunde,
1024 2311 1061 2366 ut
1076 2312 1226 2367 creatura
1242 2323 1315 2384 my·

409 2404 499 2467 sterii
526 2403 574 2466 tui
601 2403 661 2466 tibi
692 2404 836 2468 seruiens
866 2403 909 2466 ad
939 2402 1131 2468 abiciendos
1157 2404 1315 2468 demones

411 2502 611 2584 morbosque
628 2502 801 2585 pellendos
824 2503 935 2566 diuine
956 2503 1063 2584 gratie
1085 2511 1195 2566 sumat
1218 2501 1314 2566 eflec-

410 2609 504 2680 tum;
528 2601 578 2666 Ut
597 2603 756 2685 quicquid
779 2602 811 2665 in
828 2602 983 2665 domibus
1005 2600 1059 2666 uel
1082 2601 1115 2665 in
1138 2601 1218 2665 locis
1234 2600 1316 2665 fide·

410 2699 492 2763 lium
522 2700 594 2764 haec
624 2701 714 2765 unda
747 2702 945 2784 resperserit,
968 2710 1079 2766 careat
1109 2701 1316 2776 inmunditia,

410 2799 568 2864 liberetur
596 2822 618 2863 a
647 2821 747 2865 noxa.
792 2801 870 2865 Non
908 2798 974 2864 illic
1009 2799 1150 2863 resideat
1184 2801 1316 2882 spiritus

410 2900 578 2983 pestilens,
594 2920 660 2964 non
676 2920 756 2964 aura
776 2919 998 2982 corrumpens,
1014 2899 1186 2963 discedant
1201 2919 1317 2962 omnes

412 2999 540 3063 insidiae
561 2999 695 3063 latentis
718 2998 860 3077 inimici;
883 2998 930 3063 Et
953 2999 979 3062 si
1002 2998 1081 3081 quid
1097 3006 1148 3062 est
1164 2999 1253 3081 quod
1269 2998 1318 3060 in-

411 3098 597 3164 columitati
618 3099 840 3164 habitantium
861 3098 990 3163 inuidet
1005 3106 1062 3162 aut
1078 3098 1191 3180 quieti,
1207 3117 1317 3180 asper-

411 3199 505 3262 sione
520 3197 617 3262 huius
631 3219 718 3281 aque
734 3197 890 3280 effugiat3
914 3207 949 3261 ut
962 3196 1137 3262 salubritas
1151 3216 1211 3279 per
1226 3197 1319 3261 inuo-

412 3298 579 3363 cationem
604 3299 652 3361 tui
677 3297 819 3363 nominis
846 3297 997 3381 expetita
1023 3297 1066 3360 ab
1093 3295 1246 3361 omnibus
1276 3297 1318 3361 sit

413 3396 708 3480 inpugnationibus
730 3396 877 3461 defensa.
923 3396 1010 3460 Pers

442 3551 511 3616 Hic
524 3551 680 3615 mittatur
692 3549 747 3614 sal
758 3551 794 3614 in
809 3570 904 3632 aqua.
948 3548 1133 3613 Benedictio
1141 3549 1281 3632 pariter.

459 3675 562 3752 Deus,
578 3674 709 3739 inuictae
728 3674 858 3739 uirtutis
873 3684 996 3753 auctor,
1017 3683 1052 3738 et
1072 3671 1317 3756 inseparabilis¹

415 3775 543 3858 imperii
566 3795 636 3849 rex,
657 3793 696 3838 ac
718 3793 849 3858 semper
872 3773 1067 3857 magnificus
1090 3772 1319 3856 triumphator,

447 3963 457 3993 ¹
475 3965 500 4014 A
512 3963 576 4014 later
586 3963 652 4012 hand
665 3962 711 4012 has
722 3964 819 4014 written
832 3961 878 4013 ‘n'
891 3979 950 4013 over
962 3961 1005 4012 ‘e’
1017 3963 1067 4013 and
1082 3962 1164 4012 added
1178 3961 1276 4011 strokes
1291 3977 1320 4011 or

416 4050 514 4094 acoents
525 4058 585 4092 over
596 4057 665 4092 some
676 4041 706 4092 oi
714 4041 756 4091 the
767 4039 859 4091 vowels
871 4057 904 4092 on
916 4041 966 4091 this
978 4056 1050 4106 page.

806 4311 941 4400 [Orant]

457 4438 575 4512 Praesta,
608 4437 738 4510 domine,
767 4446 851 4497 tuum
886 4437 999 4498 salubre
1040 4437 1203 4496 remedium
1239 4437 1327 4514 super

417 4535 494 4594 hanc
522 4543 684 4593 creaturam
713 4533 781 4592 salis
806 4543 834 4591 et
862 4550 947 4608 aque,
973 4541 1005 4589 ut
1032 4530 1210 4608 ubicumque
1239 4533 1326 4591 inter·

418 4627 537 4688 cesserit
570 4636 600 4686 et
628 4625 734 4687 animae
768 4637 797 4686 et
831 4626 961 4703 corporis
996 4625 1128 4704 proficiat
1162 4626 1324 4686 sanitatem.

418 4723 526 4782 Amen.

800 4795 938 4884 [Oratae]

459 4921 577 4992 Praesta,
605 4937 774 4998 quesumus,
802 4920 932 4994 domine,
960 4938 1012 4998 per
1044 4919 1121 4980 hanc
1163 4929 1326 4979 creaturam

420 5015 596 5093 aspersionis
624 5015 777 5076 sanitatem
805 5014 921 5087 mentis,
952 5015 1146 5092 integritatem
1182 5014 1324 5091 corporis,

419 5109 539 5169 tutelam
574 5109 683 5181 sunus,
719 5108 903 5168 securitatem
945 5109 1018 5186 spei,
1053 5107 1325 5169 corroborationem

421 5202 498 5276 fidei,
512 5202 559 5262 hic
580 5211 610 5262 et
630 5203 661 5262 in
682 5212 790 5262 aeterna
813 5201 929 5262 saecula
971 5203 1078 5261 Amen,

781 5345 963 5435 [Orationes]

465 5457 643 5531 Descendat,
658 5475 828 5536 quesumus,
842 5457 962 5518 domine
984 5458 1057 5518 deus
1077 5471 1186 5528 noster,
1208 5455 1325 5534 spiritus

425 5561 542 5614 sanctus
563 5561 629 5614 tuus
650 5570 737 5632 super
757 5551 816 5614 hoc
837 5551 935 5626 altare,
950 5552 1000 5632 qui
1021 5561 1051 5612 et
1069 5551 1171 5630 populi
1186 5551 1227 5612 tui
1246 5551 1325 5612 dona

1687 554 1937 630 lutmtttrurs.

1365 753 1421 838 qui
1441 757 1579 822 aduerse
1594 755 1829 820 dominationis
1844 754 1931 819 uires
1946 753 2116 839 reprimis3
2138 755 2194 839 qui
2210 757 2271 821 ini·

1366 856 1441 921 mici
1457 855 1615 938 rugientis
1631 855 1785 920 seuitiam
1800 875 1955 937 superas;
1979 856 2035 938 qui
2057 854 2195 920 hostiles
2214 877 2272 920 ne-

1365 954 1487 1037 quitias
1509 965 1628 1039 potens
1652 975 1846 1038 expugnas3
1869 966 1913 1031 te,
1929 955 2075 1031 domine,
2090 964 2271 1020 trementes

1365 1064 1399 1119 et
1429 1055 1594 1138 supplices
1624 1055 1839 1137 deprecamur
1867 1073 1906 1118 ac
1936 1055 2088 1136 petimus,
2118 1063 2155 1118 ut
2184 1055 2271 1120 hanc

1366 1164 1549 1219 creaturam
1572 1153 1651 1218 salis
1674 1163 1709 1218 et
1731 1174 1827 1236 aquae
1850 1153 2027 1238 dignanter
2043 1153 2196 1236 accipias,
2213 1155 2272 1218 be·

1365 1253 1485 1336 nignus
1514 1252 1677 1329 inlustres,
1700 1253 1835 1335 pietatis
1862 1262 1918 1334 tue
1949 1272 2040 1317 more
2066 1253 2270 1330 sanctifices;

1365 1362 1402 1417 ut
1427 1353 1627 1434 ubicumque
1652 1353 1749 1416 suerit
1775 1373 1918 1435 aspersa,
1943 1373 2002 1435 per
2028 1353 2271 1417 inuocationem

1366 1453 1414 1517 tui
1449 1452 1554 1517 sancti
1586 1451 1738 1530 nominis,
1768 1451 1876 1514 omnis
1914 1451 2081 1517 infestatio
2119 1451 2270 1516 inmundi

1366 1553 1500 1635 spiritus
1529 1551 1696 1630 abiciatur,
1722 1560 1892 1633 terrorque
1922 1551 2079 1616 uenenosi
2109 1552 2272 1634 serpentis

1367 1653 1480 1736 procul
1497 1650 1645 1734 pellatur,
1663 1659 1696 1714 et
1712 1651 1879 1732 presentia
1897 1652 2002 1714 sancti
2026 1651 2160 1734 spiritus
2176 1651 2272 1715 nobis

1368 1751 1626 1816 misericordiam
1654 1759 1747 1814 tuam
1774 1749 1988 1832 poscentibus
2010 1751 2134 1834 ubique
2155 1750 2272 1814 adesse

1368 1853 1529 1934 dignetur.
1575 1850 1637 1913 Per
1652 1850 1849 1914 dominum!

1555 2138 1664 2206 dtattu
1685 2143 1803 2222 quantu
1825 2157 1905 2222 aqua
1925 2141 2089 2221 aparuitut.

1413 2287 1547 2352 Exaudi
1563 2307 1633 2362 nos,
1649 2287 1792 2362 domine,
1808 2296 1922 2350 sancte
1942 2295 2046 2370 pater,
2062 2287 2272 2369 omnipotens

1368 2397 1492 2452 aeterne
1514 2389 1605 2466 deus,
1627 2394 1661 2450 et
1684 2389 1817 2452 mittere
1840 2386 1977 2469 dignare
1999 2385 2154 2470 angelum
2178 2396 2272 2450 tuum

1368 2498 1520 2554 sanctum
1540 2489 1583 2552 de
1598 2486 1697 2564 caelis,
1711 2488 1768 2570 qui
1783 2487 1957 2563 custodiat,
1971 2485 2091 2563 foueat,
2107 2494 2271 2570 protegat,

1369 2591 1489 2668 uisitet,
1520 2599 1554 2654 et
1583 2589 1742 2655 defendat
1772 2608 1887 2654 omnes
1920 2588 2109 2655 habitantes
2141 2591 2176 2654 in
2209 2588 2272 2654 hoc

1368 2689 1567 2755 habitaculo.
1614 2688 1701 2752 Pers

1473 2963 1642 3028 biettinis
1664 2966 1700 3027 au
1720 2963 1817 3027 untia
1838 2979 2009 3044 quantaque
2030 2963 2168 3029 uulneris.

1415 3112 1568 3191 Benedic,
1590 3111 1734 3192 domine,
1757 3122 1939 3176 creaturam
1967 3111 2066 3175 istam
2086 3109 2144 3175 ‚ill
2172 3120 2208 3175 ut
2231 3110 2274 3174 sit

1370 3213 1552 3276 remedium
1583 3211 1726 3275 salutare
1756 3211 1866 3294 generi
1896 3211 2053 3286 humano,
2078 3219 2113 3274 et
2141 3219 2272 3294 praesta,

1371 3332 1430 3395 per
1450 3311 1693 3375 inuocationem
1717 3310 1860 3373 nominis
1880 3311 1937 3387 tui,
1949 3319 1990 3372 ut
2008 3309 2207 3392 quicumque
2228 3329 2272 3372 ex

1372 3431 1411 3474 ea
1422 3411 1598 3492 sumpserit
1609 3410 1720 3473 anime
1732 3407 1873 3473 tutelam
1886 3417 1921 3472 et
1933 3409 2079 3490 corporis
2093 3409 2272 3473 sanitatem

1371 3507 1558 3593 percipiat¹.
1602 3508 1687 3573 Per.t

1404 3723 1412 3753 ¹
1428 3723 1484 3774 'l’he
1500 3723 1606 3790 original
1621 3723 1812 3786 Sacramentary
1822 3722 1883 3772 ends
1896 3721 1967 3778 here;
1985 3721 2027 3770 the
2041 3728 2100 3772 next
2112 3731 2163 3772 two
2174 3737 2275 3787 prayers

1370 3797 1412 3853 ‘are
1423 3803 1520 3852 written
1533 3803 1559 3851 in
1571 3817 1618 3851 one
1629 3801 1659 3851 oi
1667 3800 1709 3850 the
1720 3800 1782 3850 later
1794 3799 1898 3864 English
1910 3799 1990 3849 hands
2001 3817 2033 3850 on
2045 3816 2062 3849 a
2072 3799 2150 3850 blank
2161 3813 2236 3864 space
2246 3805 2274 3848 at

1371 3881 1415 3930 the
1430 3880 1568 3930 bottomot'
1579 3879 1622 3930 iol.
1634 3878 1713 3942 33⁶²·
1746 3877 1802 3927 'l’he
1813 3877 1924 3928 Colleets
1936 3893 1969 3927 on
1981 3876 2024 3927 iol.
2037 3875 2122 3940 33⁶b,
2134 3893 2162 3927 as
2174 3877 2229 3928 well
2246 3891 2275 3926 as

1371 3959 1414 4009 the
1425 3965 1473 4008 rest
1485 3957 1514 4009 oi
1523 3957 1565 4008 the
1577 3957 1674 4014 Missal,
1685 3971 1726 4006 are
1737 3955 1785 4004 due
1801 3961 1828 4004 to
1840 3970 1909 4005 some
1924 3954 1953 4005 oi
1966 3955 2008 4006 the
2022 3955 2086 4005 later
2102 3955 2182 4006 hands
2193 3951 2276 4006 which

1372 4037 1436 4088 hare
1447 4035 1546 4085 written
1561 4035 1604 4085 the
1614 4035 1713 4084 various
1723 4041 1792 4099 parts
1803 4033 1832 4084 oi
1840 4032 1940 4084 Ieoiric
1951 4032 1981 4085 C.

1378 4315 1546 4386 sanctificet,
1569 4324 1599 4374 et
1623 4313 1800 4374 sumentium
1829 4311 1920 4372 corda
1948 4312 2102 4389 dignanter
2127 4311 2274 4371 emundet

1378 4410 1434 4471 Per
1455 4410 1608 4470 dominum
1629 4417 1771 4468 nostrum.

1417 4507 1507 4579 Deus,
1522 4506 1571 4584 qui
1590 4503 1769 4564 inuisibiliter
1786 4503 1887 4562 omnia
1908 4503 2049 4574 contines,
2064 4512 2094 4562 et
2108 4513 2206 4563 tamen
2220 4520 2276 4580 pro

1377 4601 1468 4661 salute
1489 4600 1604 4678 generis
1624 4598 1760 4657 humanis
1782 4597 1866 4674 signa
1888 4605 1945 4656 tuae
1968 4596 2107 4674 potentiae
2129 4595 2278 4656 nisibiliter

1376 4693 1513 4766 ostendis,
1528 4693 1670 4770 templum
1688 4692 1747 4752 hoc
1764 4691 1903 4767 potentiae
1918 4701 1976 4750 tuae
1994 4690 2212 4750 inhabitationis
2231 4689 2278 4748 in·

1377 4789 1475 4860 lustra,
1495 4800 1527 4848 ut
1548 4805 1653 4848 omnes
1674 4787 1724 4864 qui
1745 4785 1804 4844 huc
1826 4786 2008 4862 deprecaturi
2029 4785 2217 4857 conueniunt,
2239 4801 2278 4842 ex

1377 4901 1562 4960 quacumque
1590 4881 1775 4941 tribulatione
1797 4880 1835 4939 ad
1863 4891 1892 4938 te
1920 4879 2118 4952 clamauerint,
2143 4879 2279 4939 consola-

1376 4978 1464 5036 tionis
1478 4985 1536 5036 tuae
1550 4975 1692 5035 beneficia
1706 4982 1930 5050 consequantur.
1975 4973 2039 5033 Per.

1417 5070 1499 5131 Deus
1514 5071 1564 5148 qui
1580 5069 1686 5142 dixisti,
1701 5068 1808 5128 domus
1829 5085 1895 5127 mea
1913 5067 2019 5127 domus
2033 5067 2174 5127 orationis
2188 5084 2279 5126 uoca-

1376 5165 1461 5237 bitur,
1483 5165 1605 5224 domum
1626 5165 1711 5223 istam
1733 5161 1865 5239 gentium
1886 5162 2026 5238 spurtitiis
2047 5162 2279 5221 contaminatam

1376 5259 1518 5318 mundare
1532 5269 1561 5319 et
1575 5258 1755 5319 sanctificare
1770 5256 1908 5335 digneris,
1923 5266 1956 5316 ut
1976 5257 2111 5316 omnium
2130 5273 2232 5334 preces
2251 5265 2281 5314 et

1295 5347 1298 5354 ⁴
1376 5363 1446 5413 uota
1459 5353 1517 5414 hoe
1532 5352 1563 5411 in
1577 5352 1644 5412 loco
1659 5351 1698 5412 ad
1707 5362 1736 5412 te
1752 5351 1939 5413 clamantium
1955 5349 2095 5412 exaudias
2109 5360 2139 5410 et
2153 5349 2282 5428 benigne

1376 5447 1518 5528 perficias.
1560 5445 1625 5508 Per.
