5116 6608
489 598 576 685 ὦῶ.
603 596 984 690 mararensium.

659 799 730 859 Item
743 801 812 861 aliia.

324 921 453 983 Adiuuet
467 938 531 994 nos,
541 937 708 998 quesumus,
720 919 847 995 domine,
862 922 948 996 beate
962 919 1051 995 marie
1066 935 1183 997 semper

282 1016 403 1093 uirginis
428 1015 596 1076 intercessio
619 1017 795 1088 ueneranda,
819 1026 849 1076 et
872 1035 891 1076 a
914 1016 1027 1077 cunctis
1050 1013 1183 1094 periculis

283 1109 432 1171 absolutos
453 1111 484 1170 in
504 1120 555 1170 tua
576 1109 661 1170 iaciat
681 1128 755 1188 pace
775 1109 912 1189 gaudere.
953 1110 1018 1171 Per.

344 1382 436 1471 [stt.
453 1385 513 1452 tat
530 1405 600 1468 ann.
636 1388 673 1455 S.
687 1394 856 1468 narrante
875 1389 948 1468 tter.
970 1393 997 1453 rt
1016 1383 1115 1470 nam]
1224 1451 1225 1454 ,

324 1531 445 1617 [D]eus,
462 1536 513 1614 qui
533 1535 650 1596 beatam
669 1537 814 1614 uirginem
834 1545 1027 1614 margaretam
1044 1534 1081 1594 ad
1102 1532 1182 1609 celos

280 1649 333 1709 per
358 1631 486 1708 martyrii
507 1630 636 1707 palmam
661 1633 813 1708 peruenire
836 1630 936 1702 fecisti,
958 1630 1089 1691 concede
1113 1645 1181 1705 pro·

281 1725 369 1804 pitius
383 1735 415 1784 ut
431 1725 504 1785 sicut
518 1725 574 1796 illa,
589 1735 617 1784 te
636 1726 800 1798 adiuuante,
814 1727 995 1803 tyrannicam
1009 1725 1114 1784 meruit
1135 1741 1181 1783 se-

281 1821 380 1879 uitiam
406 1819 603 1896 triumphare3
636 1820 676 1879 ita
699 1839 764 1892 nos,
786 1821 850 1899 ipsa
877 1820 1083 1891 intercedente,
1112 1817 1180 1877 uisi·

280 1914 382 1974 billum
396 1922 426 1974 et
439 1914 626 1974 inuisibilium
644 1915 772 1976 hostium
791 1917 911 1976 insidias
925 1915 1074 1975 ualeamus
1096 1931 1180 1992 supe·

279 2026 342 2067 rare
352 2009 370 2068 ¹.
412 2008 477 2070 Per.

666 2086 816 2176 [δασεῖα]

321 2209 415 2290 (H)ec
442 2212 572 2285 uictima,
594 2210 721 2285 domine,
743 2229 912 2290 quesumus
933 2229 988 2288 pro
1012 2212 1098 2270 beate
1122 2209 1181 2269 uir·

280 2305 356 2382 ginis
379 2317 542 2383 margarete
568 2308 707 2383 martyrio
735 2307 845 2377 oblata,
871 2314 900 2365 et
925 2306 1067 2364 mentium
1093 2305 1180 2364 nobis

280 2399 462 2459 sanctitatem
476 2411 506 2459 et
519 2419 676 2477 corporum
691 2402 822 2478 optineat
836 2399 1045 2459 sanctitatem’.
1088 2398 1151 2458 Per.

321 2492 378 2553 Pro
392 2493 474 2554 cuius
488 2496 608 2555 nomine
622 2513 765 2572 penarum
778 2496 889 2572 require
902 2494 933 2552 dt
947 2492 980 2554 S.
995 2493 1122 2572 Agatha.

608 2660 861 2748 [Pasicommumb].

320 2779 504 2866 [P]urificent
527 2803 593 2858 nos,
615 2785 743 2858 domine,
766 2803 932 2864 quesumus,
955 2784 1055 2844 diuina
1083 2803 1179 2844 sacra-

279 2888 378 2939 menta
397 2898 455 2956 que
475 2881 661 2957 sumpsimus,
682 2890 719 2952 et,
738 2881 823 2940 beata
846 2879 1043 2939 intercedente
1067 2879 1179 2954 uirgine

278 2985 462 3051 martyreque
477 2985 526 3034 tua
540 2986 713 3052 margareta,
724 2974 762 3033 ad
777 2974 919 3051 presentis
934 2973 992 3048 uite
1006 2973 1180 3050 prosperita-

279 3079 347 3142 tem,
361 3081 391 3129 et
404 3069 498 3146 future
513 3072 721 3131 beatitudinem
735 3070 943 3149 sempiternam
957 3069 1043 3129 nobis
1061 3087 1096 3128 ea
1110 3086 1179 3146 pro·

278 3166 376 3225 uenire
391 3165 546 3226 concedas.
590 3165 669 3226 Per⁸.

289 3432 465 3500 aaaron
498 3435 610 3510 filista
629 3438 663 3498 bt
685 3441 785 3500 sunau
808 3435 912 3498 ultano
932 3434 1075 3514 sortisque
1096 3433 1169 3497 rins.

317 3581 426 3654 Presta,
451 3600 620 3660 quesumus,
645 3584 835 3660 omnipotens
861 3581 942 3653 deuS,
967 3581 1018 3658 qui
1043 3590 1176 3640 sanctum

275 3681 411 3740 albanum
429 3691 585 3758 martyrem
600 3693 691 3755 tuum,
707 3683 812 3740 eteius
827 3683 924 3741 socios
939 3681 1045 3739 eadem
1059 3689 1176 3755 tenpes-

275 3784 332 3834 tate
352 3794 526 3854 compassos
546 3777 683 3854 martyrio
704 3775 861 3848 coronasti,
879 3785 911 3834 ut
925 3773 1176 3852 quemadmodum

275 3868 414 3929 deuotam
447 3870 578 3948 ipsorum
606 3871 752 3949 passionis
781 3872 897 3946 agimus
925 3870 1108 3938 memoriam,
1137 3868 1177 3926 ita

274 3979 376 4022 eorum
401 3962 536 4024 sublimia
561 3965 641 4042 apud
665 3974 694 4024 te
722 3965 882 4024 sentiamus
908 3963 1079 4042 patrocinia.
1121 3962 1177 4022 Per

273 4056 449 4118 dominum⁴.

667 4140 788 4202 Secreta.

314 4258 382 4335 Hec
403 4259 498 4320 hostia
521 4261 662 4333 salutaris,
685 4279 852 4339 quesumus,
878 4260 1009 4332 domine,
1029 4275 1120 4336 quarn
1144 4259 1174 4316 in

273 4356 366 4414 sancti
380 4355 476 4415 albani
489 4358 623 4433 martyris
638 4357 678 4416 tui
696 4357 902 4432 sociorumque
924 4354 987 4414 eius
1006 4352 1175 4413 ueneranda

273 4452 554 4509 commemoratione
568 4460 619 4525 tue
632 4451 775 4510 maiestati
790 4447 957 4526 suppliciter
971 4448 1130 4518 offerimus,
1145 4455 1174 4504 et

272 4541 411 4618 ligamina
425 4555 534 4604 nostrae
547 4545 696 4622 prauitatis
710 4543 850 4615 absoluat,
866 4551 895 4602 et
909 4553 958 4617 tue
974 4543 1063 4602 nobis
1084 4543 1173 4604 mise·

271 4636 404 4697 ricordiae
418 4639 573 4699 carismata
587 4640 702 4699 tribuat
745 4637 826 4697 Perl.

655 4783 794 4862 Prefitlrb.

312 4901 351 4961 U.
365 4901 403 4960 D.
419 4912 517 4978 eterne
531 4903 612 4964 deus.
653 4902 743 4980 Apud
758 4919 846 4979 quem
861 4919 977 4977 semper
990 4910 1034 4961 est
1050 4919 1172 4979 presens

272 5007 301 5058 et
314 4998 444 5077 preclara
458 5009 626 5059 sanctorum
641 5001 774 5058 omniurn
789 4999 855 5068 uita,
871 5014 997 5074 quorum
1017 5014 1074 5057 nos
1092 5014 1172 5056 mors

272 5095 399 5171 pretiosa
413 5105 441 5155 et
456 5095 532 5170 alme
546 5095 730 5154 beatitudinis
744 5093 832 5152 ianua
846 5091 972 5166 letificat,
983 5103 1013 5151 et
1028 5111 1046 5151 a
1059 5091 1171 5152 cunctis

271 5186 494 5248 aduersitatibus
516 5189 663 5249 defendat.
705 5187 892 5264 Quapropter
916 5186 1067 5246 laudabilis
1088 5204 1120 5245 es
1140 5187 1172 5244 in

303 5392 354 5444 ¹S.
368 5411 392 5460 p.
405 5395 461 5458 815.
879 5391 969 5458 ¹S.p.
982 5391 1039 5445 816.

303 5472 313 5502 ³
329 5472 384 5522 The
395 5480 445 5524 rest
456 5473 486 5524 ol
493 5473 543 5525 this
554 5489 619 5540 page
630 5473 679 5523 and
691 5473 733 5524 the
744 5471 825 5522 whole
836 5469 865 5520 oi
874 5469 917 5520 sol.
931 5484 977 5534 54²
990 5487 1006 5520 a
1017 5487 1058 5521 are
1069 5470 1155 5523 blank.

302 5548 314 5660 ἰ
329 5551 357 5679 Ξ
368 5551 413 5682 {pp
424 5565 440 5694 ἓ
451 5569 476 5682 ἶ.
508 5552 590 5604 There
601 5553 622 5603 is
634 5568 650 5603 a
661 5551 774 5604 different
785 5550 856 5600 Mass
867 5549 906 5600 for
915 5548 952 5603 St.
965 5549 1050 5602 Alban
1061 5551 1088 5601 in
1096 5551 1127 5602 Y.

1545 603 1592 689 ὦ.
1622 604 1785 689 fflatttnt.

1238 806 1364 872 tuorum,
1378 805 1659 865 commemoratione
1673 814 1843 866 sanctorum
1857 813 1886 863 et
1900 803 1930 862 in
1944 819 2053 878 magne
2071 801 2139 884 fidei

1237 893 1351 968 affectu,
1363 907 1391 956 et
1405 897 1597 959 intolerantia
1611 902 1791 978 passionum,
1800 918 1860 978 qua
1869 900 1988 959 beatum
1999 896 2138 956 albanum

1236 994 1392 1072 sociosque
1420 997 1482 1058 eius
1510 1017 1599 1060 omne
1627 1000 1739 1077 antiqui
1766 999 1859 1059 hostis
1882 1015 2019 1076 superare
2043 994 2137 1054 fecisti

1236 1087 1514 1164 machinamentum,
1538 1111 1598 1170 quo
1621 1095 1660 1154 ad
1682 1092 1856 1173 capiendam
1878 1091 1987 1168 egregii
2010 1087 2138 1166 martyrii

2066 617 2136 692 253

1235 1181 1444 1244 beatitudinem
1458 1205 1527 1247 cum
1542 1189 1672 1266 supernis
1687 1189 1808 1259 ciuibus,
1823 1187 1909 1247 nullis
1926 1183 2057 1263 impediti
2070 1183 2138 1242 reti·

1235 1278 1353 1351 naculis,
1369 1289 1397 1340 te
1411 1281 1597 1359 suffragante,
1613 1285 1765 1362 peruenire
1780 1291 1945 1360 potuerunt.
1985 1279 2024 1338 Et
2038 1277 2106 1338 ideo
2116 1274 2135 1336 ¹.

1570 1423 1799 1483 Postrommunio.

1276 1538 1454 1616 Quesumus,
1472 1544 1660 1623 omnipotens
1681 1554 1709 1604 et
1729 1543 1894 1604 misericors
1915 1539 1997 1613 deus,
2012 1549 2043 1599 ut
2058 1555 2135 1617 quos

1234 1633 1265 1692 in
1279 1645 1447 1696 sanctorum
1462 1649 1578 1698 tuorum
1592 1638 1760 1699 ueneranda
1774 1637 1915 1697 memoria
1927 1636 1963 1695 de
1975 1636 2031 1694 tuis
2045 1633 2135 1694 sacris

1234 1727 1320 1789 donis
1342 1732 1457 1804 satiasti,
1479 1752 1532 1811 per
1553 1733 1608 1794 hec
1626 1733 1837 1812 indulgentiam
1851 1743 1901 1806 tue
1921 1728 2135 1808 propitiationis

1234 1826 1375 1902 consequi
1390 1845 1560 1887 mereamur.
1604 1828 1659 1889 Per
1673 1829 1826 1889 dominum
1835 1827 1855 1886 ².

1641 1973 1699 2032 Atr·
1715 2019 1721 2033 .

1276 2090 1475 2169 Omnipotens
1507 2095 1684 2173 sempiterne
1712 2094 1793 2165 deus,
1822 2099 1918 2171 presta
1945 2088 2032 2148 nobis
2059 2104 2129 2164 pro·

1234 2183 1321 2258 pitius
1335 2197 1504 2248 sanctorum
1518 2201 1676 2267 martymm
1687 2197 1804 2248 tuorum
1815 2185 1912 2246 albani
1926 2185 2133 2260 sociommque

1234 2276 1296 2337 eius
1323 2280 1454 2356 glorioso
1479 2283 1627 2361 triumpho
1655 2282 1749 2357 solide
1774 2281 1840 2341 fidei
1869 2297 1925 2339 nos
1953 2277 2076 2356 protegi,
2105 2285 2135 2334 et

1233 2389 1335 2433 eorum
1351 2375 1502 2453 tolerantie
1516 2379 1654 2456 passione
1668 2377 1820 2455 prolicere,
1831 2384 1861 2434 et
1873 2370 2133 2433 intercessionibus

1232 2467 1368 2541 gaudere.
1412 2470 1476 2531 Per.

1247 2744 1430 2815 billitran.
1447 2751 1499 2816 int
1534 2749 1711 2816 uranrtrttr
1732 2749 1826 2815 sumti
1845 2747 1965 2813 mantnt
1986 2745 2120 2828 episcopi.

1272 2889 1364 2963 Deus,
1387 2892 1437 2970 qui
1457 2894 1569 2970 populo
1590 2903 1641 2953 tuo
1667 2905 1765 2968 eterne
1789 2890 1889 2952 salutis
1912 2891 2032 2949 beatum
2053 2905 2131 2946 mar·

1232 2983 1317 3043 timm
1351 2986 1515 3046 ministrum
1551 2989 1731 3060 concessisti,
1765 2996 1870 3065 presta,
1903 3001 2071 3061 quesumus,
2100 2992 2132 3040 ut

1232 3095 1320 3154 quem
1335 3081 1488 3142 doctorem
1502 3084 1560 3143 uite
1581 3083 1737 3143 habuimus
1752 3083 1783 3141 in
1797 3081 1887 3149 terris,
1905 3081 2131 3139 intercessorem

1231 3192 1347 3252 semper
1361 3175 1470 3237 habere
1484 3195 1647 3237 mereamur
1661 3179 1692 3236 in
1706 3176 1784 3237 celis.
1828 3174 1906 3234 Per⁸.

1331 3333 1426 3394 Lectio
1438 3336 1545 3412 eparolf
1557 3336 1632 3396 beati
1636 3336 1724 3414 pauli
1734 3334 1851 3412 apostoli
1861 3331 2001 3400 ad,ebreos
2009 3332 2029 3392 ⁴.

1271 3454 1395 3528 Fratres,
1419 3458 1516 3517 omnis
1544 3456 1677 3536 pontifex
1705 3475 1742 3516 ex
1766 3455 1935 3516 hominibus
1963 3460 2132 3527 assumptus

1229 3567 1283 3625 pro
1298 3549 1467 3612 bominibus
1483 3553 1667 3612 constituitur
1680 3554 1711 3611 in
1725 3549 1790 3610 his⁶
1811 3568 1869 3628 que
1890 3558 1958 3607 sunt
1979 3547 2016 3605 ad
2031 3546 2130 3617 deum,

1229 3655 1260 3702 ut
1282 3645 1386 3704 offerat
1409 3646 1489 3706 dona
1509 3658 1539 3707 et
1560 3647 1699 3706 sacrificia
1719 3663 1775 3720 pro
1797 3643 1934 3722 peccatis.
1977 3640 2038 3714 Qui
2056 3658 2131 3727 pon-

1230 3739 1328 3799 dolere
1350 3742 1444 3818 possit
1463 3741 1527 3801 his⁸
1542 3741 1592 3820 qui
1613 3742 1751 3819 ignorant
1772 3749 1801 3799 et
1820 3747 1926 3808 errant,
1941 3735 2081 3814 quoniam
2103 3745 2132 3794 et

1230 3833 1292 3910 ipse
1314 3835 1509 3896 circumdatus
1523 3846 1568 3896 est
1588 3837 1760 3896 infirmitate.
1802 3831 1840 3892 Et
1860 3841 2015 3909 propterea
2036 3829 2131 3901 debet,

1229 3928 1480 4004 quemadmodum
1505 3948 1560 4008 pro
1584 3929 1705 4009 populo,
1730 3930 1771 3988 ita
1794 3928 1883 3987 etiam
1900 3935 1930 3986 et
1952 3943 2006 4003 pro
2024 3934 2132 3984 semet-

1229 4020 1294 4099 ipso
1318 4023 1423 4084 offerre
1453 4043 1507 4102 pro
1533 4026 1670 4102 peccatis,
1696 4023 1761 4083 Nec
1786 4023 1942 4100 quisquam
1967 4019 2056 4078 sumit
2075 4019 2132 4078 sibi

1228 4114 1381 4191 honorem,
1393 4119 1445 4178 sed
1456 4121 1506 4197 qui
1517 4129 1639 4179 uocatus
1654 4137 1672 4177 a
1686 4117 1744 4178 deo
1756 4127 1906 4194 tamquam
1916 4132 2017 4186 aaron,
2027 4131 2131 4190 quem-

1228 4209 1406 4272 admodum'
1420 4215 1559 4291 scriptum
1573 4213 1641 4273 est⁷.
1683 4211 1732 4271 Tu
1749 4229 1781 4270 es
1795 4209 1933 4270 sacerdos
1947 4209 1978 4267 in
1996 4218 2129 4282 qtemum

1228 4308 1390 4367 secundum
1404 4310 1539 4370 ordinem
1554 4308 1778 4370 melchisedech.

1534 4465 1690 4527 Secundum
1703 4466 1794 4524 lucam
1802 4464 1822 4524 ⁰.

1267 4584 1303 4644 In
1325 4585 1375 4644 illo
1392 4596 1526 4663 tempore
1548 4586 1620 4646 dixit
1639 4586 1737 4646 ihesus
1759 4582 1907 4660 discipulis
1927 4581 2005 4642 suis:
2028 4580 2127 4640 Nolite

1227 4679 1337 4751 timere,
1352 4679 1473 4757 pusillus
1486 4699 1569 4756 grex,
1584 4681 1654 4758 quia
1674 4679 1842 4757 conplacuit
1856 4676 1930 4755 patri
1945 4684 2042 4735 uestro
2058 4675 2127 4734 dare

1226 4775 1312 4833 uobis
1332 4791 1465 4851 regnum.
1507 4772 1635 4833 Uendite
1660 4792 1718 4850 que
1741 4771 1907 4851 possidetis,
1927 4781 1957 4830 et
1981 4771 2047 4829 date
2069 4770 2128 4829 ele-

1226 4868 1380 4928 mosinam.
1422 4867 1520 4928 Facite
1536 4869 1621 4928 uobis
1642 4867 1776 4928 sacculos
1790 4867 1841 4944 qui
1859 4883 1920 4924 non
1934 4874 2127 4934 ueterescunt‚

1225 4960 1394 5022 thesaurum
1415 4980 1476 5022 non
1498 4961 1681 5023 deficientem
1702 4963 1733 5020 in
1753 4961 1831 5036 celis,
1846 4977 1907 5036 quo
1928 4958 1974 5017 sur
1991 4975 2053 5018 non
2075 4977 2128 5036 ap·

1225 5057 1398 5133 propiabit⁹,
1419 5074 1515 5135 neque
1544 5057 1622 5116 tinea
1649 5056 1817 5133 corrumpit.
1868 5049 1928 5114 Ubi
1955 5054 2034 5112 enim
2062 5053 2127 5112 tbe-

1225 5168 1327 5210 saurus
1341 5159 1438 5210 uester
1453 5159 1505 5222 est,
1520 5151 1560 5209 ibi
1575 5161 1603 5209 et
1618 5167 1669 5209 cor
1682 5159 1813 5209 uestrum
1827 5149 1890 5208 erit.

1256 5392 1266 5421 ¹
1282 5393 1309 5442 Z.
1322 5392 1366 5442 fol.
1379 5407 1393 5456 5
1405 5409 1430 5443 a.

1257 5471 1266 5502 ¹
1284 5470 1351 5520 Heb.
1363 5488 1386 5521 v.
1401 5471 1456 5522 1-6.

1230 5552 1235 5568 ¹
1256 5549 1267 5581 ⁸
1282 5549 1313 5599 iis
1325 5547 1383 5601 Vul.

1256 5627 1266 5659 ⁸
1281 5626 1342 5682 Luc.
1354 5626 1397 5679 xii.
1409 5639 1498 5692 3²·34·

1593 5391 1604 5422 ¹
1620 5393 1648 5442 Z.
1660 5391 1704 5442 sol.
1717 5391 1766 5455 gb.
1863 5389 1875 5498 ζ
1891 5389 1916 5440 S
1928 5404 1953 5454 p.
1965 5390 2021 5438 800.

1749 5543 1783 5576 Μ
1799 5545 1837 5596 ec
1854 5582 1860 5596 .
1889 5465 2046 5596 &ubilin

1762 5625 1773 5656 ⁸
1788 5623 1922 5692 appropiat
1934 5622 1993 5674 Vul.
