5124 6608
452 583 497 656 74
785 563 886 656 jirrta
911 565 954 638 a.

491 763 567 828 Fiat
583 763 804 829 misericordia
818 774 877 829 tua
886 761 908 827 ¹.

492 864 635 928 Inlustra
650 863 767 928 taciem
782 875 875 928 tuam
884 862 907 927 ².

491 963 622 1027 Delicta
637 964 816 1028 iuuentutis
831 983 925 1027 rneae.

490 1063 680 1128 Secundum
698 1055 986 1149 misericordia[m]
1004 1070 1107 1125 tuam.

490 1160 628 1226 Saluum
644 1162 696 1227 lac
711 1184 842 1228 seruum
858 1171 962 1226 tuum.
978 1160 1025 1226 ill.

490 1261 590 1326 Mitte
605 1263 644 1342 ei,
660 1263 803 1342 domine,
818 1263 990 1327 auxilium.

489 1361 643 1441 Domine,
659 1365 781 1428 exaudi
798 1365 982 1428 orationem
999 1380 1119 1424 meam.

824 1526 970 1592 Oramus.

489 1652 590 1728 Deus,
621 1653 713 1717 cuius
744 1653 950 1734 indulgentia
979 1671 1079 1715 nemo
1109 1669 1176 1713 non
1211 1648 1345 1730 indiget,

444 1763 613 1816 memento
629 1752 743 1817 famuli
755 1754 802 1818 tui
818 1753 874 1818 ill.
891 1753 995 1835 etqui
1012 1751 1135 1814 lubrica
1150 1760 1345 1832 terrenaque

443 1852 587 1934 corporis
617 1852 794 1936 fragilitate
821 1853 964 1916 nudatus
991 1852 1024 1914 in
1051 1851 1162 1914 multis
1187 1850 1343 1933 deliquid,

443 1971 630 2032 quesumus,
653 1963 690 2017 ut
714 1954 774 2017 des
800 1953 931 2016 ueniam
954 1951 1133 2029 confitenti,
1148 1970 1246 2034 parce
1267 1971 1344 2033 sup·

442 2050 529 2133 plici.
546 2060 583 2116 ut
599 2051 655 2134 qui
671 2053 791 2117 nostris
807 2053 932 2117 meritis
954 2071 1155 2125 accusamur,
1171 2061 1230 2115 tua
1246 2052 1343 2114 mise·

441 2152 568 2215 ratione
583 2151 758 2216 saluemur.
802 2151 865 2215 Per
874 2151 897 2214 ³.

484 2250 537 2314 Et
548 2251 695 2315 sacerdos
709 2252 879 2327 benedicat,
895 2261 971 2326 oret,
987 2261 1020 2314 et
1032 2248 1121 2313 dicat
1132 2276 1143 2311 .·

486 2349 707 2433 Omnipotens
730 2352 821 2426 deus,
838 2353 895 2434 qui
914 2351 1010 2428 dixit,
1026 2351 1081 2432 qui
1106 2371 1160 2414 me
1175 2349 1342 2415 confessus

441 2448 538 2514 fuerit
561 2470 673 2514 coram
696 2451 893 2530 hominibus,
909 2450 1092 2515 confitebor
1107 2458 1141 2513 et
1166 2470 1229 2533 ego
1248 2449 1340 2513 illum

441 2568 552 2613 coram
571 2560 665 2632 patre
688 2571 775 2626 meo,
790 2549 845 2615 ille
867 2561 902 2616 te
923 2551 1098 2614 benedicat
1121 2559 1154 2614 et
1177 2551 1342 2615 custodiat

443 2669 582 2730 semper,
598 2649 722 2732 detque
736 2651 797 2715 tibi
820 2649 1046 2714 remissionem
1061 2649 1210 2713 omnium
1226 2670 1341 2734 pecca·

440 2758 550 2812 torum
565 2757 706 2825 tuorum,
723 2760 757 2814 et
772 2751 875 2813 uitam
891 2761 1059 2814 aetemam.
1105 2753 1142 2812 R.
1165 2749 1289 2815 Amen.

483 2848 537 2911 Et
555 2849 588 2912 si
611 2849 703 2912 homo
727 2849 960 2914 intellectuosns
980 2852 1033 2928 sit,
1055 2850 1099 2913 do
1120 2850 1154 2913 ei
1172 2849 1341 2914 consilium

440 2957 479 3010 nt
506 2948 618 3011 ueneat
646 2948 694 3012 ad
716 2959 744 3012 te
767 2958 890 3013 statuto
917 2959 1061 3032 tempore,
1088 2960 1149 3014 oret
1169 2948 1216 3014 ad
1236 2951 1341 3014 alium

439 3047 633 3111 sacerdotem
649 3049 683 3111 in
698 3069 785 3114 coena
799 3049 933 3126 domini,
947 3059 986 3113 ut
999 3050 1218 3114 reconcilietur
1232 3050 1272 3113 ab
1286 3070 1340 3126 eo,-

439 3147 518 3229 qm'a
531 3147 619 3230 quod
630 3169 763 3213 manens
774 3149 808 3212 in
822 3160 949 3231 corpore
959 3159 1140 3214 consecutus
1150 3171 1213 3213 non
1219 3149 1340 3231 faerit,

439 3247 495 3311 hoc
523 3257 580 3323 est,
609 3249 903 3328 reconciliationem,
929 3259 1043 3314 exutus
1070 3271 1167 3314 carne
1194 3251 1344 3332 consequi

439 3369 501 3411 non
512 3348 639 3429 poterit.

602 3689 736 3757 Collecto
750 3691 798 3755 ad
808 3703 955 3758 sanctam
970 3693 1183 3759 anastasiam.

484 3815 640 3882 Concede
670 3819 773 3898 nobis,
800 3820 942 3899 domine,
968 3840 1156 3903 quesumus,
1185 3821 1339 3904 praesidia

440 3917 566 3981 militiae
596 3917 781 3983 christianae
807 3919 927 3983 sanctis
957 3920 1111 3984 inchoare
1141 3921 1277 3997 ieiuniis
1302 3933 1338 3986 ut

439 4027 553 4080 contra
568 4017 731 4099 spiritales
747 4019 910 4102 nequitias
926 4023 1112 4103 pugnaturi,
1125 4021 1337 4086 continentiae

403 4098 410 4114 ⁹
439 4117 626 4180 muniamur
640 4118 781 4183 auxiliis.
827 4118 912 4183 Pers

566 4281 627 4344 Ad
639 4283 784 4347 missam.
815 4284 877 4348 Ad
887 4297 1035 4350 sanctam
1049 4288 1212 4352 sauinam.

483 4404 606 4487 Prqsta,
631 4407 775 4485 domine,
795 4406 949 4474 fidelibus
978 4413 1053 4492 tuis,
1074 4423 1112 4477 ut
1141 4413 1335 4479 ieiuniorum

437 4506 626 4569 ueneranda
635 4506 807 4573 sollemnia
817 4518 852 4573 et
860 4529 1004 4592 congrua
1014 4511 1138 4594 pietate
1148 4513 1334 4597 suscipiant,

437 4614 471 4668 et
495 4625 607 4669 secura
631 4606 808 4671 deuotione
834 4619 1033 4692 percurrant.
1081 4612 1142 4676 Per
1164 4613 1336 4677 dominum

436 4715 611 4769 nostrum.⁷

767 4793 873 4877 Super
886 4796 1002 4862 oblata.

481 4918 548 4985 Fac
577 4941 648 4995 nos,
675 4920 819 4998 domine,
850 4943 1038 5005 quesumus,
1064 4925 1116 4990 his
1145 4926 1335 4991 muneribus

435 5017 612 5084 ofi'erendis
631 5022 866 5087 conuenienter
881 5023 999 5105 aptari,
1013 5024 1134 5107 quibus
1156 5027 1257 5111 ipsius
1279 5047 1335 5089 ue·

436 5119 588 5183 nerabilis
598 5122 795 5185 sacramenti
807 5122 1013 5187 celebramus
1024 5125 1209 5189 exordium.
1236 5126 1323 5190 Pera

468 5312 476 5340 ¹
493 5313 533 5362 Ps.
545 5315 621 5364 xxxii.
635 5328 673 5366 22.

466 5391 476 5420 ⁴
491 5404 516 5441 a.
529 5392 661 5444 Misereris.

495 5481 531 5520 es.
544 5470 662 5522 Miserere
672 5473 707 5521 .ii.

496 5559 522 5598 R.
534 5549 658 5599 Miserere.

495 5641 521 5679 v.
533 5629 605 5680 Misit
615 5631 647 5682 de
657 5631 720 5682 oelo.

788 5316 798 5346 ¹
814 5317 975 5382 Ps.xxx.17.
1074 5319 1084 5350 ¹
1100 5320 1124 5370 S.
1139 5337 1164 5385 p.
1179 5333 1233 5383 ψ.

970 5411 1013 5449 or.
1024 5399 1151 5450 Exaltabo
1163 5407 1194 5450 te.

970 5489 1036 5528 conr.
1049 5477 1099 5540 Qui
1110 5477 1278 5528 meditabitur.

971 5559 1042 5618 (use.
1053 5555 1234 5605 Conuertimini
1245 5555 1277 5606 ad
1284 5571 1332 5606 me.

970 5645 1016 5685 κν.
1027 5634 1092 5684 Cum
1104 5633 1237 5696 ieiunatis).

1734 563 1835 656 arra
1861 566 1893 640 i.
1919 565 1961 638 rr.

1766 762 1940 842 Praefatio.

1445 874 1488 940 U.
1505 873 1547 938 D.
1562 884 1686 938 aeterne
1703 875 1792 940 deus.
1823 875 1891 958 Qui
1907 875 2068 958 corporali
2084 877 2205 942 ieiunio
2220 881 2302 946 uitia

1400 974 1597 1056 comprimis,
1623 983 1769 1038 mentem
1795 973 1914 1050 eleuas,
1938 975 2095 1040 uirtutem
2118 975 2244 1061 largiris
2267 991 2302 1046 et

1400 1073 1534 1155 premia.
1580 1074 1642 1137 Per
1657 1073 1815 1137 christum
1832 1074 2005 1138 dominum
2015 1072 2034 1136 ¹.

1702 1229 1765 1291 Ad
1770 1227 1996 1311 complendum.

1444 1341 1604 1424 Percepta
1628 1341 1733 1414 nobis,
1750 1342 1894 1417 domine,
1910 1343 2071 1425 prebeant
2094 1356 2301 1411 sacramenta

1398 1441 1591 1518 subsidium,
1606 1450 1643 1505 ut
1659 1451 1693 1505 et
1707 1440 1768 1505 tibi
1791 1451 1887 1524 grata
1905 1443 1971 1506 sint
1993 1452 2105 1507 nostra
2121 1445 2248 1522 ieiunia,
2266 1457 2301 1511 et

1399 1540 1494 1604 nobis
1509 1539 1682 1622 proficiant
1697 1540 1740 1606 ad
1758 1541 1932 1605 medelam.
1978 1542 2065 1607 Pers

1733 1690 1795 1755 Ad
1798 1693 1964 1774 populum.

1443 1805 1644 1870 inclinantes
1665 1826 1710 1883 se,
1725 1805 1869 1881 domine,
1886 1807 2051 1870 maiestati
2075 1817 2141 1871 tuae
2160 1808 2298 1891 propiti-

1397 1915 1472 1969 atus
1487 1907 1631 1981 intende,
1648 1906 1758 1988 utqui
1780 1906 1895 1969 diuino
1918 1925 2052 1970 munere
2075 1916 2151 1972 sunt
2174 1907 2297 1982 reiecti,

1397 2006 1583 2071 caelestibus
1605 2025 1736 2088 semper
1758 2005 1943 2071 nutriantur
1964 2006 2107 2071 auxiliis.
2153 2006 2215 2072 Per
2237 2009 2298 2072 do-

1397 2106 1522 2169 minum
1539 2115 1711 2171 nostrum*

1777 2265 1866 2340 issia
1879 2268 1918 2330 tr.¹

1632 2401 1694 2464 Ad
1711 2409 1858 2464 sanctum
1873 2401 2057 2482 georgium.

1440 2514 1544 2591 Deus,
1556 2514 1612 2597 qui
1628 2513 1725 2597 culpa
1736 2512 1921 2590 offenderis,
1936 2515 2129 2596 paenitentia
2145 2513 2293 2598 placaris,

1394 2633 1509 2696 preces
1524 2613 1637 2697 populi
1650 2614 1699 2677 tui
1714 2612 1933 2695 supplicantis
1947 2613 2145 2697 propitiatus
2160 2616 2294 2698 respice,

1394 2724 1427 2778 et
1439 2713 1571 2796 flagella
1582 2725 1649 2778 tuae
1665 2713 1852 2787 iracundiae,
1862 2732 1938 2795 quae
1950 2732 2010 2795 pro
2020 2713 2294 2795 peccatisnostris

1394 2833 1568 2892 meremur,
1583 2824 1704 2879 auerte.
1752 2813 1839 2877 Pers

1773 2951 1914 3015 Secreta.

1438 3065 1612 3130 Sacrificiis
1634 3063 1861 3147 praesentibus,
1876 3063 2020 3140 domine,
2039 3081 2226 3144 quesumus,
2243 3064 2293 3128 in·

1393 3167 1494 3229 tende
1509 3164 1668 3248 placatus,
1684 3173 1722 3227 ut
1738 3171 1772 3227 et
1788 3162 1957 3227 deuotioni
1979 3172 2100 3226 nostrae
2121 3163 2294 3245 proficiant

1394 3275 1427 3328 et
1443 3263 1551 3329 saluti.
1597 3264 1659 3328 Per
1675 3262 1875 3327 dominums

1694 3400 1756 3464 Ad
1766 3398 1994 3482 complendum.

1438 3512 1590 3578 Caelestis
1606 3513 1685 3578 doni
1701 3512 1933 3577 benedictione
1948 3520 2112 3594 percepta,
2129 3511 2293 3595 supplices

1394 3625 1436 3690 te,
1462 3615 1543 3679 deus
1569 3614 1788 3697 omnipotens,
1814 3614 2037 3694 deprecamur,
2058 3621 2094 3676 ut
2117 3610 2180 3676 hoc
2203 3613 2292 3677 idem

1393 3714 1488 3779 nobis
1504 3724 1538 3779 et
1553 3712 1750 3778 sacramenti
1766 3731 1865 3776 causa
1880 3712 1924 3775 sit
1938 3721 1973 3775 et
1988 3710 2112 3776 salutis.
2151 3711 2238 3775 Pers

1726 3849 1789 3915 Ad
1791 3847 1957 3932 populum.

1435 3965 1544 4044 Parce,
1559 3965 1702 4040 domine,
1718 3983 1817 4046 parce
1832 3960 1957 4046 populo
1972 3969 2039 4040 tuo,
2055 3972 2092 4027 ut
2107 3961 2216 4046 dignis
2234 3961 2292 4025 fla-

1390 4066 1623 4148 gellationibus
1650 4066 1831 4148 castigatus
1858 4062 1891 4125 in
1922 4070 1979 4125 tua
2003 4062 2214 4128 miseratione
2241 4081 2291 4126 re-

1390 4167 1501 4249 spiret.
1547 4165 1609 4231 Per
1616 4164 1638 4228 ³.

1758 4330 1847 4405 tinia
1859 4331 1909 4395 nt·

1545 4465 1606 4530 Ad
1617 4473 1743 4531 sanctos
1758 4463 1929 4529 iohannem
1946 4470 1979 4524 et
1986 4462 2133 4543 panium.

1435 4579 1594 4645 Inchoata
1617 4579 1746 4656 ieiunia,
1765 4595 1956 4659 quesumus,
1979 4575 2124 4654 domine,
2145 4575 2291 4660 benigno

1424 4773 1431 4801 ¹
1447 4773 1478 4823 O.
1489 4789 1513 4838 p.
1525 4787 1580 4836 300.

1421 4851 1431 4880 ¹
1448 4863 1473 4902 Α.
1486 4852 1555 4901 Dum
1566 4852 1709 4904 clamarem.

1450 4942 1486 4980 rs
1499 4930 1595 4980 Exaudi
1607 4931 1753 4982 orationem.

1450 5021 1475 5060 x.
1488 5009 1558 5059 lacta
1567 5009 1714 5074 cogitatum

1449 5098 1475 5138 v.
1488 5088 1556 5136 Dum
1568 5086 1709 5138 clamarem.

1448 5177 1490 5216 or.
1503 5166 1545 5215 Ad
1557 5171 1589 5223 te,
1601 5165 1707 5218 domine.

1420 5244 1430 5274 ³
1448 5244 1503 5292 Om.
1515 5243 1542 5292 2.

1420 5321 1429 5351 ⁴
1445 5334 1471 5372 Α.
1483 5321 1589 5371 Auiduit
1601 5321 1724 5373 dominus.

1447 5411 1474 5451 ν.
1486 5399 1611 5450 Exultabo
1622 5407 1654 5458 te,
1666 5400 1775 5454 domine.

1447 5491 1472 5528 x.
1484 5479 1566 5530 Unam
1578 5478 1659 5543 petiit

1447 5567 1471 5606 v.
1484 5557 1519 5608 Ur
1530 5555 1637 5608 uideam

1444 5645 1487 5688 or.
1503 5635 1619 5700 Domine,
1631 5635 1739 5688 uiuifica

1927 4870 1994 4910 cont.
2007 4859 2165 4926 Acceptabis.

1928 4940 1999 4999 (ute.
2012 4938 2145 5002 Egrorauit
2155 4938 2275 4990 ezechias.

1926 5027 1971 5067 nv,
1983 5017 2048 5066 Cum
2068 5017 2191 5067 introisset
2206 5018 2291 5068 ihesus

1997 5092 2186 5159 capharnaum).
2329 5099 2331 5106 '

1924 5339 1991 5379 conr.
2003 5327 2098 5380 Sernite
2109 5329 2220 5382 domino.

1926 5409 1998 5468 (Lae.
2010 5407 2108 5466 clama,
2119 5423 2151 5457 ne
2162 5425 2248 5460 cesses

1924 5495 1968 5535 nv.
1981 5484 2094 5534 Audistis
2112 5487 2171 5551 quia
2193 5486 2289 5538 dictam

1993 5565 2050 5628 est).
