5124 6608
438 587 540 664 Dru.
568 591 607 665 ct
632 591 681 666 tlt.
707 605 779 685 pust
805 592 1021 686 {taurosum

472 837 678 906 Deturbati.
698 846 768 923 pust
783 805 1001 924 emturum&

331 984 471 1082 Pateant
492 1005 587 1049 aures
610 987 841 1052 misericordiae
864 998 930 1072 tue,
954 990 1097 1066 domine,
1113 1010 1187 1073 pre-

289 1085 377 1148 cibus
398 1084 667 1167 supplicantium,
684 1096 719 1151 et
734 1097 771 1151 ut
788 1090 977 1170 petentibus
1000 1091 1187 1155 desiderata

287 1187 455 1262 concedas,
472 1186 525 1251 sac
547 1188 608 1251 tibi
632 1209 697 1268 eos,
721 1209 910 1272 quesumus,
925 1191 1048 1273 placita
1071 1200 1185 1274 postu·

285 1285 359 1351 lare.
405 1288 491 1352 Pers

665 1375 805 1442 Secreta.

329 1497 482 1564 Concede
512 1500 607 1565 nobis
637 1499 706 1583 hec,
733 1522 921 1585 quesumus,
952 1503 1095 1584 domine,
1122 1504 1183 1570 fre-

285 1607 443 1680 quentare
473 1600 640 1683 mysteria,
663 1601 740 1684 quia
770 1604 922 1685 quotiens
947 1602 1044 1667 huius
1066 1603 1184 1670 hostiae

285 1701 553 1765 commemoratio
576 1701 769 1781 celebratur,
785 1722 869 1785 opus
892 1714 1012 1768 nostrae
1032 1706 1182 1789 redemp-

284 1799 380 1864 tionis
395 1807 576 1867 exercetur.
622 1802 710 1866 Peru

651 1976 814 2060 Prfsatio.

326 2100 371 2166 U.
388 2101 432 2165 D.
449 2112 572 2168 aeteme
588 2102 680 2168 deus.
726 2104 774 2169 Et
788 2105 850 2170 tibi
873 2105 1022 2171 debitam
1044 2109 1183 2172 seruitu-

283 2210 350 2265 tem
362 2221 422 2284 per
433 2204 616 2285 mynisterii
631 2203 729 2268 huius
744 2204 971 2288 impletionem
987 2207 1182 2288 persoluere,

284 2302 359 2384 quia
374 2323 439 2367 non
459 2304 567 2368 solum
590 2304 805 2387 peccantibus
828 2307 960 2370 ueniam
982 2307 1107 2383 tribuis,
1124 2308 1182 2372 sed

284 2403 383 2466 etiam
399 2405 526 2485 premia
540 2405 730 2488 petentibus
742 2406 928 2488 impertiris,
945 2406 991 2470 Et
1003 2407 1093 2490 quod
1109 2428 1182 2490 per·

282 2503 350 2584 peti
373 2502 468 2568 malis
492 2505 647 2590 operibus
669 2525 896 2588 promeremur
918 2506 1093 2589 magnifica
1115 2507 1184 2590 pie·

282 2609 352 2665 tate
377 2602 525 2686 depellis,
545 2613 582 2668 ut
603 2624 664 2669 nos
686 2604 730 2669 ad
753 2614 819 2669 tuae
842 2608 1033 2671 reuerentiae
1057 2607 1182 2672 cultum

284 2710 317 2764 et
352 2710 475 2767 terrore
512 2725 621 2788 cogas,
663 2713 698 2768 et
734 2725 847 2770 amore
883 2707 1052 2792 perducas
1121 2707 1183 2771 Per

283 2797 438 2866 christum
448 2801 470 2868 ².

578 2900 640 2966 Ad
656 2900 884 2986 complendum.

324 3024 389 3090 Tui
416 3027 521 3104 nobis,
548 3028 692 3109 domine,
715 3027 904 3094 communio
927 3029 1124 3094 sacramenti
1146 3039 1181 3094 et

282 3126 542 3210 purificationem
579 3129 736 3205 conferat,
777 3140 811 3194 et
846 3130 970 3195 tribuat
1006 3131 1180 3196 unitatem.

284 3227 369 3290 Per.t

610 3327 673 3392 Ad
683 3329 849 3411 populum.

326 3449 458 3532 Praesta,
485 3473 675 3535 quesumus,
701 3454 912 3537 omnipotens
939 3464 973 3520 et
999 3455 1181 3521 misericors

282 3554 372 3628 deus,
388 3564 426 3618 ut
441 3556 527 3618 inter
540 3553 636 3618 huius
655 3555 723 3636 uite
738 3555 904 3638 caligines,
921 3577 980 3620 nec
996 3558 1182 3642 ignorantia

282 3651 417 3717 saliente
436 3674 631 3736 mergamur,
653 3674 712 3719 nec
733 3655 885 3737 precipiti
909 3657 1102 3721 studeamus
1124 3678 1182 3722 uo-

282 3752 409 3816 luntate
446 3773 603 3838 peccare;
641 3755 700 3818 sed
737 3755 793 3837 qui
831 3754 982 3819 fidutiam
1020 3759 1183 3840 sperande

282 3855 415 3936 pietatis
452 3855 613 3939 indulges,
648 3864 765 3938 optate
802 3856 1023 3940 misericordie
1060 3868 1182 3941 praesta

281 3953 444 4039 benignus
460 3955 623 4021 effectum.
670 3955 732 4020 Per
746 3956 917 4021 dominum
928 3957 950 4019 ³.

459 4179 613 4242 Dumiuiru
627 4179 675 4242 sti.
695 4183 765 4261 pust
785 4184 998 4260 pmtrrustrnt

326 4321 428 4401 Deus,
465 4323 522 4406 qui
560 4324 836 4407 omnipotentiam
877 4335 971 4390 tuam
1015 4327 1182 4408 parcendo

314 4510 393 4574 ¹(u1’.
411 4512 485 4563 Scitis
504 4516 623 4579 quoniam
649 4531 705 4564 cnm

378 4597 471 4655 gentes.

341 4679 384 4720 nv.
404 4668 469 4718 Cum
481 4671 705 4736 appropinquasset

380 4747 462 4797 ihesus
474 4747 641 4811 hierusalem).

342 4839 368 4878 Α,
381 4827 448 4875 Dum
461 4825 603 4878 clamarem.

341 4917 377 4955 rs,
395 4905 499 4965 Exaudi,
520 4906 588 4967 deus,
614 4907 705 4957 oratio·

313 4980 408 5048 ¹O.p.
421 4985 477 5046 528.
490 4985 518 5034 Z.

312 5063 323 5091 ³
339 5063 394 5113 Gel.
406 5079 431 5129 p.
443 5062 501 5129 689.
535 5064 672 5120 Conserna,
689 5079 721 5128 q,
733 5063 798 5120 dne,
810 5068 910 5114 tuorum
926 5065 1002 5116 corda
1018 5063 1136 5126 fidelium,
1154 5070 1179 5115 et

278 5140 368 5207 gratioe
376 5147 424 5190 tuse
434 5142 527 5192 uirtute
537 5143 779 5200 corroborantem
789 5149 832 5192 tua
842 5143 891 5194 siut
903 5143 1084 5210 supplicatione
1094 5143 1179 5196 deuoti

277 5225 304 5268 et
316 5225 402 5268 mutua
413 5219 545 5272 dilectione
557 5220 651 5271 sinceri.
687 5221 742 5272 Per.
759 5223 787 5270 Z.

312 5293 392 5360 ⁴(sr.
414 5297 512 5348 Notum
538 5299 611 5350 uobis
636 5299 703 5350 lucio

410 5375 575 5442 euangelium.

339 5465 383 5503 av.
395 5454 467 5504 Dixit
483 5455 566 5505 ihesus
582 5456 616 5507 ad
630 5471 702 5523 quos·

410 5532 490 5592 dam).

340 5605 368 5660 l„
380 5610 457 5668 Deus,
468 5613 493 5660 in
505 5611 563 5661 loco
574 5621 669 5665 sancto.

341 5699 377 5736 rs
389 5687 581 5754 Exurgatdeus.
716 5681 721 5694 ⁸

822 4530 887 4565 nem.

790 4607 808 4644 x
828 4593 935 4644 Custodi
947 4609 994 4652 rue,
1006 4593 1113 4645 domine.

790 4683 815 4719 v.
828 4671 868 4721 De
881 4671 952 4722 uultu
964 4679 1018 4722 tuo.

790 4761 833 4799 nu.
846 4749 961 4806 Domine,
973 4751 1101 4816 refugium.

789 4839 833 4879 οῖ’.
844 4828 886 4877 Ad
899 4834 930 4886 te,
941 4829 1051 4891 domine,
1063 4830 1153 4882 leuani.

789 4919 832 4959 co.
843 4907 1003 4972 Acceptabis.

788 5313 814 5349 x.
826 5300 855 5349 ln
866 5300 915 5351 deo
927 5299 1042 5366 sperauit

788 5389 815 5428 v.
827 5378 869 5428 Ad
876 5387 909 5436 te,
917 5379 1025 5435 domine,
1037 5377 1159 5431 clamabo.

788 5468 832 5506 Αι.
844 5456 942 5514 Uenite,
953 5457 1069 5507 exultate.

788 5546 831 5584 01².
844 5534 969 5585 Exaltabo
981 5541 1013 5596 te,
1025 5533 1133 5587 domine.

788 5625 832 5664 co.
844 5613 950 5664 Honora
961 5613 1100 5664 domiuum.

1430 594 1534 672 Dua.
1559 597 1621 670 aut
1646 606 1718 689 post
1742 599 1961 694 pmuusuu.
2072 620 2140 688 119

1240 796 1388 860 maxime
1426 805 1460 861 et
1499 795 1685 861 miserando
1723 795 1923 874 manifestas,
1955 797 2139 880 multiplica

1238 916 1337 978 super
1363 917 1423 960 nos
1447 896 1703 961 misericordiam
1730 905 1831 974 tuam,
1855 906 1892 960 ut
1914 898 1958 962 ad
1981 906 2040 962 tua
2062 917 2139 980 pro-

1238 996 1339 1060 missa
1364 1007 1531 1060 currentes
1558 996 1728 1078 celestium
1757 994 1920 1060 bonorum
1943 997 2045 1062 facias
2068 1018 2141 1063 esse

1238 1105 1416 1160 consortes.
1464 1094 1526 1159 Per
1540 1095 1737 1159 dominumr

1618 1245 1759 1311 Secreta.

1280 1370 1366 1455 Tibi,
1383 1372 1525 1450 domine,
1542 1371 1700 1436 sacrificia
1723 1372 1833 1438 dicata
1858 1372 2046 1446 reddantur,
2063 1392 2138 1454 quae

1237 1471 1283 1536 sic
1304 1474 1347 1536 ad
1370 1471 1530 1537 honorem
1547 1473 1689 1536 nominis
1711 1473 1759 1536 tui
1784 1473 1961 1538 deserenda
1987 1473 2140 1551 tribuisti,

1236 1581 1274 1635 ut
1301 1573 1418 1636 eadem
1445 1575 1590 1637 remedia
1615 1571 1685 1637 fieri
1715 1583 1829 1638 nostra
1853 1584 2026 1655 prestares.
2078 1571 2140 1636 Per

1237 1672 1434 1738 dominumr

1603 1771 1775 1854 Proesattb.

1281 1897 1325 1962 U.
1349 1898 1393 1961 D.
1416 1906 1540 1963 aeterne
1563 1899 1654 1964 deus.
1701 1897 1803 1962 Cuius
1829 1898 1973 1981 primum
2004 1898 2139 1980 pietatis

1236 1997 1393 2062 indicium
1415 2007 1475 2075 est,
1492 1998 1518 2062 si
1541 1998 1602 2064 tibi
1625 1998 1727 2063 saclas
1745 2006 1818 2062 toto
1841 1997 1941 2062 corde
1963 1997 2139 2075 subiectos,

1236 2106 1271 2160 et
1293 2099 1445 2180 spiritum
1468 2099 1502 2161 in
1526 2098 1621 2161 nobis
1640 2107 1743 2162 tantae
1767 2097 1955 2162 deuotionis
1977 2097 2139 2173 infundas,

1236 2204 1273 2259 ut
1310 2197 1473 2280 propitius
1508 2197 1658 2282 largiaris
1695 2208 1939 2281 consequenter
1968 2198 2139 2262 auxilium.

1236 2295 1300 2360 Per
1314 2295 1499 2362 christum1.

1532 2395 1594 2460 Ad
1611 2396 1842 2478 complendum.

1279 2521 1479 2605 Quesumus,
1508 2523 1643 2586 domine
1668 2523 1751 2587 deus
1779 2531 1899 2600 noster,
1922 2531 1960 2586 ut
1982 2543 2067 2605 quos
2090 2523 2141 2586 di·

1235 2622 1320 2686 uinis
1335 2643 1487 2706 reparare
1511 2641 1578 2686 nou
1601 2623 1724 2686 desinis
1747 2623 1962 2686 sacramentis
1984 2622 2050 2686 tuis
2074 2642 2139 2686 non

1234 2722 1396 2787 destituas
1425 2722 1587 2812 benignus
1611 2721 1754 2786 auxiliis.
1795 2721 1858 2784 Per
1881 2722 2054 2786 dominum
2082 2743 2140 2785 no·

1233 2832 1364 2887 struma

1564 2924 1627 2989 Ad
1638 2923 1804 3007 populum.

1277 3050 1341 3130 Da,
1372 3071 1561 3136 quesumus,
1588 3051 1732 3128 domine,
1758 3049 1883 3132 populo
1910 3059 1968 3114 tuo
1995 3050 2137 3115 salutem

1234 3152 1354 3216 mentis
1375 3159 1408 3216 et
1427 3151 1580 3233 corporis,
1600 3160 1637 3214 ut
1660 3151 1756 3214 bonis
1778 3149 1933 3232 operibus
1956 3150 2138 3216 inherendo

1233 3261 1291 3316 tua
1306 3270 1437 3334 semper
1452 3261 1617 3316 mereatur
1632 3249 1755 3314 uirtute
1770 3249 1928 3315 defendit
1984 3250 2047 3314 Per
2055 3251 2077 3314 ².

1408 3553 1565 3618 Dominus
1578 3553 1636 3618 citt
1657 3556 1726 3633 pust
1747 3556 1931 3634 pentecosten
1939 3555 1960 3616 ³.

1279 3711 1501 3796 Omnipotens
1524 3711 1723 3794 sempiterne
1746 3711 1838 3788 deus,
1853 3710 1909 3792 qui
1932 3709 2138 3775 abundantia

1235 3813 1369 3895 pietatis
1384 3822 1451 3877 tuae
1467 3823 1501 3877 et
1518 3812 1635 3876 merita
1650 3809 1836 3892 supplicum
1849 3809 1986 3874 excedis
1998 3819 2033 3874 et
2048 3819 2136 3886 uota,

1236 3913 1368 3978 effunde
1394 3933 1493 3996 super
1522 3933 1582 3976 nos
1610 3910 1867 3975 misericordiam
1894 3920 1997 3989 tuam,
2020 3920 2058 3975 ut
2088 3912 2137 3974 di·

1236 4013 1350 4077 mittas
1365 4032 1441 4096 quae
1464 4011 1665 4078 conscientia
1688 4011 1827 4088 metuit;
1851 4019 1885 4074 et
1907 4011 2030 4074 adicias
2045 4011 2135 4093 quod

1234 4114 1340 4178 oratio
1355 4132 1422 4176 non
1436 4111 1606 4197 presumit.
1650 4110 1713 4174 Per
1730 4109 1902 4174 dominum
1920 4119 2095 4176 nostrumr

1613 4285 1755 4350 Secreta.

1281 4413 1433 4497 Respice,
1445 4414 1587 4492 domine,
1603 4432 1792 4495 quesumus,
1809 4421 1957 4476 nostram
1974 4411 2136 4494 propitius

1234 4513 1437 4591 seruitutem,
1467 4523 1505 4578 ut
1535 4513 1624 4596 quod
1655 4511 1823 4576 offerimus
1853 4512 1896 4576 sit
1925 4511 1985 4574 tibi
2016 4531 2135 4576 munus

1233 4628 1416 4700 acceptum,
1436 4618 1479 4681 sit
1494 4627 1615 4681 nostrae
1631 4614 1819 4698 fragilitatis
1838 4615 2032 4679 subsidium.
2072 4617 2135 4680 Per

1233 4718 1429 4782 dominum?

1264 4908 1273 4938 ¹
1291 4908 1323 4958 Ο.
1335 4924 1359 4973 p.
1373 4921 1403 4971 32
1422 4945 1429 4958 .
1442 4909 1469 4957 Z.

1264 4987 1275 5017 ²
1290 4987 1389 5038 Fideles
1400 4923 1464 5047 diros,
1474 5002 1507 5050 q..
1516 4984 1580 5042 dne..
1589 4999 1692 5048 corpore
1699 4982 1792 5048 pariter
1800 4989 1824 5032 et
1836 4982 2043 5047 merrtepurilica3
2055 4991 2082 5032 ut
2089 4991 2132 5032 tua

1233 5067 1393 5132 inspiratione
1410 5063 1551 5130 conpuncti,
1568 5063 1655 5112 noxias
1674 5061 1852 5111 delectationes
1870 5060 1950 5110 uitare
1968 5061 2132 5125 praeualeaut;

1231 5152 1306 5209 atque
1322 5151 1350 5193 ut
1366 5158 1450 5194 earum
1469 5158 1518 5191 non
1536 5140 1658 5206 accipiant
1675 5139 1812 5200 illecebras,
1832 5145 1876 5188 tua
1892 5153 1989 5203 semper
2008 5139 2132 5190 suauitate

1231 5227 1369 5289 pascantur.
1404 5221 1456 5271 Per.
1471 5221 1498 5270 Z.

1263 5300 1273 5330 ¹
1291 5303 1344 5362 (nr.
1357 5299 1486 5350 Fiduciam
1498 5297 1582 5348 talem.

1291 5389 1337 5426 nv.
1350 5377 1441 5426 Exieus
1456 5376 1540 5426 ihesus
1555 5376 1586 5425 de
1602 5373 1655 5424 fini-

1363 5455 1410 5505 bus
1422 5454 1490 5518 tyri).

1291 5543 1317 5585 Α.
1331 5534 1407 5594 Deus,
1421 5533 1446 5583 in
1457 5531 1616 5583 adiutorium.

1292 5625 1329 5662 rs.
1341 5613 1500 5661 Auertantur.

1293 5701 1319 5740 x.
1331 5688 1481 5740 Benedicam
1491 5687 1627 5739 dommum

1750 5307 1777 5343 v.
1790 5295 1818 5344 ln
1829 5293 1933 5345 domino
1945 5295 2094 5346 laudabitur.

1750 5385 1794 5422 AL.
1807 5371 1933 5437 Quoniam
1949 5373 2009 5422 deus
2025 5389 2130 5440 magnus

1749 5541 1792 5580 ox.
1804 5451 1922 5579 Pffis
1934 5536 1971 5580 est
1983 5545 2088 5594 moyses.

1748 5620 1792 5659 c0.
1804 5608 1844 5659 De
1855 5607 1935 5658 fructu
1946 5623 2055 5675 operum.
