5122 6610
451 543 499 629 ὦ·
518 543 621 638 sent.
666 543 758 631 ἐξ.
774 545 1049 632 membrorum.

305 744 396 810 nobis
427 743 659 810 misericordiae
689 743 778 812 dona
803 744 964 812 conciliet.
1010 748 1073 813 Per
1097 747 1203 813 domi-

391 842 427 894 ly
694 865 697 874 ι

304 863 380 908 num
403 891 412 908 ι
598 930 661 996 Ad
677 930 906 1017 complendum.

346 1055 408 1121 Per
436 1053 541 1136 huius,
565 1054 708 1134 domine,
730 1057 958 1140 operationem
988 1039 1137 1142 mysterii
1169 1067 1203 1122 et

305 1155 382 1220 uitia
396 1165 509 1220 nostra
523 1165 712 1241 purgentur,
729 1165 772 1232 et,
785 1156 1065 1224 intercedentibus
1079 1159 1203 1224 sanctis

304 1257 377 1332 tuis,
391 1255 478 1321 iusta
493 1255 656 1322 desideria
671 1256 908 1340 compleantur.
953 1257 1040 1322 Per.t

383 1543 458 1612 aas
472 1562 541 1626 ann.
575 1545 625 1612 flu
637 1551 774 1612 suumn
788 1553 902 1630 petrum
916 1553 954 1613 au
967 1549 1084 1615 uincula
1092 1556 1113 1615 ².

345 1680 461 1758 Deus
484 1693 552 1758 Qur
574 1694 729 1748 aaaron
755 1694 908 1748 rnrnun
933 1697 1158 1749 neosronuu
1181 1705 1201 1750 a

304 1779 442 1845 uinculis
460 1780 652 1845 absolutum
667 1781 820 1847 inlaesum
835 1783 927 1848 abire
942 1783 1058 1863 fecisti,
1073 1793 1202 1848 nostro·

304 1899 382 1956 rum,
403 1899 591 1963 quesumus,
614 1879 752 1945 absolue
775 1881 906 1946 uincula
927 1894 1149 1965 peccatorum,
1168 1891 1201 1947 et

303 1979 412 2044 omnia
426 1978 516 2044 mala
530 2000 551 2046 a
566 1981 662 2044 nobis
675 1980 874 2065 propitiatus
892 1983 1044 2048 exclude.
1090 1984 1175 2047 Per.t

681 2153 821 2221 Secreta.

346 2278 506 2346 Oblatum
521 2279 591 2356 tibi,
607 2279 752 2360 domine,
767 2281 963 2348 sacrificium
980 2281 1127 2348 uiuificet
1142 2303 1203 2349 nos

303 2399 432 2464 semper
447 2389 481 2446 et
497 2379 634 2446 muniat.
681 2379 744 2444 Per
758 2380 931 2446 dominum
949 2391 1098 2447 nostrum
1108 2381 1148 2446 ³.⁷

596 2580 658 2646 Ad
675 2580 905 2664 complendum.

346 2705 503 2790 Corporis
535 2706 619 2770 sacri
651 2715 685 2770 et
715 2705 851 2789 pretiosi
882 2707 1051 2791 sanguinis
1086 2709 1203 2793 repleti

303 2805 468 2884 libamine,
504 2824 692 2888 quesumus,
720 2806 858 2871 domine
893 2809 976 2872 deus
1016 2819 1136 2888 noster,
1166 2821 1203 2880 ut

302 2907 390 2990 quod
406 2906 462 2989 pia
476 2905 657 2970 deuotione
670 2907 826 2988 gerimus,
839 2906 1088 2974 intercedente⁴
1103 2910 1203 2978 beato

303 3016 397 3091 petro
407 3006 562 3090 apostolo
573 3015 632 3072 tuo
642 3003 665 3081 ⁴,
678 3014 768 3070 certa
783 3006 1011 3092 redemptione
1022 3009 1202 3094 capiamus.

304 3106 388 3172 Pers

381 3333 496 3400 datan
508 3333 562 3398 tls.
590 3330 705 3410 Manain
719 3335 887 3397 eruturum
900 3332 1124 3434 andainense

346 3467 506 3534 Fraterna
514 3465 735 3544 nos,domine,
745 3472 929 3547 martyrum
940 3476 1072 3532 tuorum
1082 3487 1204 3534 corona
1283 3517 1289 3530 .

305 3567 457 3645 laetificet,
468 3587 544 3650 quae
557 3576 591 3632 et
605 3565 682 3631 fidei
698 3574 819 3630 nostrae
834 3567 974 3648 prebeat
990 3567 1204 3633 incitamenta

305 3669 472 3742 uirtutum,
495 3677 529 3732 et
552 3664 725 3748 multiplici
748 3685 809 3730 nos
831 3665 988 3751 suffragio
1007 3668 1202 3734 consoletur.

306 3769 367 3832 Per
379 3767 552 3833 dominum
568 3774 719 3831 nostrum
729 3764 752 3829 ⁶.

689 3965 826 4032 Secreta.

347 4094 479 4168 Votiua,
502 4093 646 4172 domine,
671 4092 829 4175 mysteria
855 4103 1043 4158 sanctorum
1070 4103 1204 4160 tuorum

302 4193 475 4260 sollemnia
497 4192 710 4270 celebrantes,
732 4193 856 4256 deuota
878 4203 991 4258 mente
1013 4203 1202 4274 tractamus,

336 4420 345 4450 ¹
360 4419 487 4485 Prasatin
521 4419 556 4469 Et
572 4425 598 4468 te
614 4415 717 4468 laudare
736 4416 876 4469 mirabilem
896 4418 971 4470 deum
990 4418 1015 4469 in
1034 4420 1127 4470 sanctis
1144 4422 1201 4484 tuis,

302 4514 364 4564 quos
379 4505 436 4548 ante
453 4497 659 4548 constitutionem
676 4496 761 4545 mundi
779 4495 803 4545 in
821 4503 938 4546 aetemam
953 4496 1000 4546 tibi
1017 4497 1124 4562 gloriam
1141 4516 1203 4565 pne·

302 4577 403 4642 parasti,
419 4583 447 4628 ut
463 4591 508 4642 per
518 4589 562 4624 eos
578 4574 637 4624 huic
652 4573 746 4624 mundo
761 4574 873 4624 ueritatis
888 4581 939 4624 tuse
953 4575 1036 4626 lumen
1052 4577 1202 4632 ostenderes.

302 4655 372 4718 Quos
388 4655 424 4704 ita
440 4653 530 4719 spiritu
545 4652 660 4703 ueritatis
676 4653 785 4710 armasti,
797 4659 826 4701 ut
837 4652 994 4702 formidinem
1011 4653 1098 4704 mortis
1113 4671 1157 4720 per
1167 4657 1202 4706 in·

302 4732 453 4782 formitatem
463 4732 544 4782 earnis
555 4731 703 4782 euincerent.
727 4730 768 4779 De
779 4745 883 4796 qnorum
895 4731 1003 4796 collegio
1015 4739 1071 4782 sunt
1083 4741 1202 4798 martyres

303 4811 340 4859 tui
356 4811 440 4861 abdon
455 4815 481 4860 et
498 4825 590 4869 senum,
605 4809 648 4874 qui
664 4808 775 4859 ecclesiae
792 4816 842 4859 tuae
858 4817 930 4874 prato
948 4811 1011 4860 sicut
1027 4825 1091 4861 rosae
1106 4819 1132 4861 et
1148 4811 1202 4862 lilia

301 4887 440 4938 floruerunt
458 4887 529 4952 Quos
539 4887 659 4952 mrigerriti
668 4887 705 4937 tui
716 4887 816 4951 sangnis
827 4887 852 4936 in
861 4888 948 4953 praelio
958 4888 1119 4939 confessionis
1130 4906 1202 4942 roseo

301 4965 385 5017 colore
396 4965 514 5032 perfudit,
521 4971 546 5015 et
558 4966 720 5030 obprobrium
732 4965 854 5031 passionis
864 4967 938 5016 niueo
949 4967 1059 5020 liliorum
1070 4968 1202 5032 splendore

301 5044 410 5094 asciuit.
444 5044 491 5095 Per
502 5059 584 5109 quem.
601 5043 629 5094 Z.

334 5123 345 5156 ²
361 5137 387 5174 a.
399 5125 474 5174 Nunc
485 5125 539 5174 scio
550 5139 616 5174 uere.

360 5215 397 5254 es.
409 5203 525 5265 Domine,
538 5203 657 5268 probasti.

358 5293 384 5332 a.
395 5281 546 5333 Constitues.

357 5372 384 5412 v.
396 5361 445 5410 Pro
456 5360 576 5426 patribus.

332 5441 343 5470 ¹
358 5441 388 5491 R
400 5457 426 5506 p.
438 5451 501 5502 ¹²73
517 5439 548 5490 Y.
559 5437 679 5504 provided
691 5455 708 5487 a
719 5438 821 5490 Preface
832 5439 900 5504 bere,
912 5455 970 5491 now
981 5439 1075 5491 erased

331 5518 365 5549 Μ
383 5520 438 5568 om·
450 5518 483 5567 v·

332 5598 343 5629 ⁸
359 5596 428 5646 Pam.
437 5613 464 5662 p.
476 5609 540 5658 sm
557 5595 589 5646 ll.
601 5594 646 5647 fol.
657 5595 704 5645 106
716 5613 740 5646 a.

808 5135 852 5174 an.
863 5123 904 5174 Ta
915 5141 943 5176 es
953 5133 1047 5191 petrus.

807 5215 851 5253 οῖ.
864 5203 929 5254 Mihi
941 5211 1033 5255 autem.

807 5293 850 5333 co.
862 5282 903 5333 Tu
914 5299 941 5333 es
952 5291 1045 5349 petrus.

1498 543 1584 631 ὦῶ·
1604 543 1778 638 §alieni
1806 545 1914 638 itm·

1256 747 1376 910 {uitulus
1404 745 1498 812 nobis
1525 757 1559 813 et
1585 748 1764 832 presidium
1790 748 1907 814 crescit
1931 756 1966 814 et
1988 745 2157 832 gaudium.

1284 866 1319 910 er
1343 893 1350 909 .

2041 625 2043 632 ,
2087 566 2153 639 151

1623 933 1786 1017 Presate‘n

1301 1057 1346 1122 U.
1370 1056 1414 1122 D.
1438 1067 1562 1123 aeteme
1585 1059 1677 1125 deus.
1722 1057 1812 1142 Quia
1837 1057 1915 1122 licet
1945 1057 1978 1122 in
2008 1057 2159 1122 omnium

1255 1165 1442 1222 sanctorum
1472 1166 1605 1222 tuorum
1635 1167 1672 1222 tu
1703 1159 1757 1234 sis,
1785 1156 1930 1236 domine,
1952 1157 2159 1240 protectione

1255 1256 1423 1336 mirabilis,
1450 1256 1484 1320 in
1513 1255 1566 1321 his
1596 1267 1710 1322 tamen
1739 1256 1884 1340 speciale
1915 1277 2036 1320 munus
2063 1265 2157 1320 tuum

1254 1356 1474 1438 agnoscimus,
1487 1376 1572 1439 quos
1584 1355 1700 1421 fratres
1712 1366 1800 1421 sorte
1815 1356 1970 1420 nascendi
1984 1353 2160 1438 magnifica

1254 1455 1435 1539 praestitisti
1446 1455 1600 1538 passione
1609 1455 1632 1535 2,
1648 1455 1698 1520 Ut
1709 1454 1807 1520 simul
1819 1465 1905 1520 esset
1920 1464 1955 1520 et
1970 1453 2159 1520 ueneranda

1253 1553 1358 1636 gloria
1372 1555 1549 1638 genitricis,
1567 1565 1601 1621 et
1621 1555 1854 1622 florentissima
1872 1555 1982 1638 proles
2000 1553 2157 1622 ccclesiae.

1254 1654 1301 1720 Et
1316 1654 1393 1720 ideo
1402 1652 1426 1719 ³.

1549 1740 1611 1805 Ad
1628 1740 1856 1826 complendum.

1298 1866 1431 1945 Praesta,
1455 1886 1644 1948 quesumus,
1665 1867 1878 1950 omnipotens
1900 1866 1993 1945 deus,
2017 1874 2054 1930 ut
2075 1886 2158 1948 quo·

1253 1985 1326 2030 rum
1350 1966 1545 2030 memoriam
1571 1967 1766 2032 sacramenti
1790 1966 2042 2050 participatione
2066 1985 2158 2030 reco-

1254 2066 1361 2146 limus,
1377 2066 1478 2130 fidem
1499 2085 1633 2149 quoque
1655 2066 1860 2150 proficiendo
1877 2075 2051 2132 sectemur.
2096 2065 2159 2130 Per

1254 2165 1426 2230 dominum
1442 2175 1592 2231 nostrum
1603 2162 1626 2231 ⁴.

1271 2398 1367 2466 liliili.
1381 2417 1449 2466 nnn
1464 2417 1533 2480 sup.
1566 2400 1681 2466 liuteis
1701 2401 1797 2466 sancti
1817 2400 1953 2483 stephani
1974 2399 2148 2482 pertitinet

1299 2533 1402 2610 Deus,
1432 2534 1489 2617 qui
1520 2556 1580 2600 nos
1610 2534 1700 2599 beati
1737 2533 1891 2617 stephani
1925 2533 2080 2618 martyris
2109 2533 2158 2598 tui

1254 2643 1357 2717 atque
1371 2635 1537 2717 pontificis
1553 2655 1662 2699 annua
1678 2634 1902 2700 sollemnitate
1913 2633 2068 2712 laetiiicas,
2080 2652 2158 2697 con-

1255 2735 1337 2798 cede
1365 2734 1527 2818 propitius
1556 2744 1594 2800 ut
1628 2734 1721 2799 cuius
1754 2733 1903 2800 natalitia
1936 2733 2084 2805 colimus,
2115 2734 2158 2797 de

1255 2832 1402 2898 eiusdem
1419 2833 1520 2898 etiam
1535 2833 1743 2917 protectione
1756 2834 1970 2917 gaudeamus.
2016 2831 2103 2896 Pern

1637 3025 1777 3092 Secreta.

1300 3151 1440 3216 Munera
1464 3150 1534 3230 tibi,
1552 3147 1696 3230 domine,
1716 3151 1826 3216 dicata
1849 3149 2027 3230 sanctifica,
2047 3158 2090 3228 et,
2108 3149 2159 3212 in·

1255 3251 1447 3318 tercedente
1473 3252 1574 3316 beato
1604 3248 1769 3336 stephano
1800 3260 1945 3334 martyre
1970 3259 2030 3315 tuo
2055 3260 2157 3332 atque

1255 3351 1421 3437 pontifice,
1436 3371 1496 3435 per
1510 3351 1628 3416 eadem
1645 3371 1704 3414 nos
1722 3349 1872 3434 placatus
1887 3349 2031 3415 intende.
2060 3349 2146 3413 Per.l

1551 3538 1613 3602 Ad
1630 3537 1861 3622 complendum.

1302 3664 1387 3728 Haec
1403 3684 1463 3728 nos
1478 3663 1678 3742 communio,
1689 3663 1831 3742 domine,
1843 3671 1962 3746 purget
1977 3684 1997 3726 a
2012 3662 2155 3741 crimine,

1257 3773 1300 3840 et,
1333 3763 1558 3829 intercedente
1585 3764 1685 3828 beato
1718 3762 1883 3847 stephano
1916 3771 2063 3846 martyre
2098 3769 2157 3828 tuo

1256 3872 1358 3946 atque
1380 3861 1546 3947 pontifice,
1563 3864 1704 3929 caelestis
1724 3863 1862 3928 remedii
1876 3863 1976 3928 faciat
1991 3883 2063 3927 esse
2078 3882 2156 3929 con-

1256 3973 1385 4027 sortesr

1317 4181 1431 4250 usit.
1445 4183 1484 4248 ln.
1499 4199 1567 4262 nnn.
1600 4181 1714 4249 Matala
1735 4181 1830 4248 sanni
1850 4182 1929 4264 apati
1950 4181 2104 4264 spuunt

1298 4319 1401 4398 Deus,
1415 4317 1471 4402 qui
1485 4317 1647 4411 conspicis
1657 4317 1734 4401 quia
1747 4337 1791 4382 ex
1803 4315 1894 4380 nulla
1907 4325 2020 4382 nostra
2034 4315 2157 4382 uirtute

1254 4417 1472 4496 subsistimus,
1496 4419 1642 4482 concede
1663 4416 1826 4500 propitius
1853 4425 1901 4491 ut,
1922 4416 2156 4480 intercessione

1287 4648 1295 4677 ¹
1312 4646 1382 4695 Pam.
1390 4661 1415 4710 p.
1424 4658 1479 4708 ³²3·
1496 4645 1548 4696 For
1558 4643 1608 4694 this
1619 4643 1711 4696 Secli.
1721 4643 1882 4694 substitutes:
1900 4643 2012 4706 Accepta
2023 4642 2055 4691 sit
2067 4639 2156 4692 incon

1253 4731 1338 4792 spectu
1350 4731 1403 4781 tuo,
1415 4723 1523 4782 domine,
1535 4730 1621 4773 nostra
1636 4723 1746 4781 deuotio,
1759 4727 1881 4772 eteorum
1891 4719 1964 4769 nobis
1977 4719 2021 4769 liat
2032 4718 2157 4784 snpplica-

1253 4804 1323 4853 tione
1334 4801 1450 4852 salutaris
1461 4817 1508 4867 pro
1519 4817 1624 4868 qnorum
1634 4799 1782 4850 solennitate
1793 4797 1908 4850 defertur.
1941 4797 1995 4848 Per.

1287 4879 1298 4908 ¹
1313 4896 1333 4934 4
1346 4895 1479 4946 germanos
1491 4882 1523 4932 Ο.
1820 4877 1830 4905 ³
1847 4877 1879 4927 0.
1891 4891 1917 4941 p.
1929 4877 1985 4940 328.
1996 4875 2024 4926 Z

1285 4958 1295 4989 ⁴
1311 4959 1381 5010 Pam.
1394 4975 1419 5024 p.
1432 4972 1495 5022 3²³3
1512 4959 1544 5008 Y.
1556 4957 1599 5010 fol.
1613 4955 1659 5008 106
1670 4973 1693 5006 a.

1285 5037 1296 5069 ⁵
1312 5051 1338 5090 ru
1349 5037 1433 5087 Iustus
1445 5043 1472 5086 ut
1484 5035 1577 5102 palma.
1704 5052 1706 5061 ·
1764 5043 1790 5084 v,
1800 5033 1869 5082 Tota
1879 5031 1920 5081 die
1931 5029 2068 5082 miseretur.

1311 5127 1347 5165 rs
1359 5114 1457 5164 Bonum
1467 5121 1505 5164 est
1517 5112 1637 5164 confiteri.
1704 5094 1706 5171 l
1763 5123 1807 5162 al.
1818 5110 1906 5160 hoeni
1917 5109 2002 5160 dauid.

1198 5250 1206 5262 ,
1310 5205 1336 5243 a.
1346 5192 1431 5242 Iustus
1450 5207 1500 5241 non
1520 5174 1706 5242 conturbati-l
1762 5200 1805 5239 os.
1816 5187 1904 5239 Inueni
1916 5187 1999 5239 dauid.

1372 5277 1420 5321 tur.

1283 5360 1294 5391 ⁸
1310 5373 1336 5412 Α.
1345 5359 1493 5412 Sacerdotes
1502 5358 1551 5411 dei.

1309 5451 1347 5491 es.
1358 5439 1494 5489 Memento.

1309 5531 1335 5569 a.
1346 5518 1493 5568 Sacerdotes
1504 5519 1567 5567 eins.

1310 5607 1336 5648 v.
1348 5596 1412 5647 Illuc
1423 5595 1572 5662 producam.

1761 5277 1805 5319 co.
1817 5268 1935 5328 Domine,
1948 5267 2065 5332 quinque.

1771 5369 1814 5408 nl.
1825 5357 1864 5406 Te
1875 5365 2019 5421 martyrum.

1769 5446 1813 5486 on.
1824 5435 1910 5484 Innem
1921 5434 2008 5484 dauid.

1770 5525 1813 5566 co,
1825 5513 1920 5565 Fidelis
1930 5528 2021 5564 sermo.
