5124 6608
424 579 468 646 γε
746 558 851 634 Dum.
876 557 909 632 in
934 555 997 632 lrr.

757 758 987 841 Adpopulum.

463 885 614 970 Protege,
631 884 774 962 domine,
788 883 929 949 famulos
951 894 1026 948 tuos
1048 882 1202 948 subsidiis
1221 880 1320 965 pacis,

420 996 455 1052 et
475 986 575 1068 beate
589 985 701 1049 mariae
717 983 907 1068 patrociniis
926 981 1141 1060 confidentes,
1155 1002 1177 1048 a
1195 981 1321 1047 cunctis

417 1085 571 1152 hostibus
586 1083 689 1150 redde
703 1105 843 1150 securos.
888 1083 952 1148 Per
962 1081 984 1149 ¹.

821 1260 913 1326 Alia.

462 1387 577 1452 Beatae
592 1396 627 1452 et
641 1386 783 1470 gloriose
798 1406 995 1474 semperque
1009 1385 1144 1469 uirginis
1159 1384 1212 1449 dei
1229 1383 1321 1466 geni·

417 1487 506 1552 tricis
522 1486 635 1552 mariae
657 1506 726 1562 nos,
743 1487 887 1565 domine,
902 1505 1090 1568 quesumus,
1107 1484 1224 1549 merita
1246 1503 1322 1566 pro-

417 1597 606 1670 sequantur,
630 1594 665 1651 et
687 1597 780 1652 tuam
807 1585 903 1650 nobis
925 1585 1165 1669 indulgentiam
1192 1602 1323 1665 semper

418 1687 605 1772 implorent
648 1687 712 1753 Per
726 1686 870 1752 eundem
885 1685 1057 1750 dominum
1072 1692 1222 1750 nostrum
1230 1680 1253 1750 ².

824 1859 917 1927 Alia.

462 1983 596 2070 Porrige
624 1986 728 2067 nobis,
753 1987 845 2064 deus,
872 1986 1049 2051 dexteram
1072 1994 1174 2061 tuam,
1201 1993 1237 2048 et
1264 2002 1324 2066 per

418 2085 687 2152 intercessionem
701 2087 812 2151 beatae
830 2095 865 2152 et
883 2083 1027 2170 gloriose
1042 2103 1238 2168 semperque
1257 2082 1323 2146 uir·

417 2185 504 2268 ginis
533 2187 655 2264 mariae,
685 2184 847 2251 auxilium
884 2184 980 2251 nobis
1017 2203 1159 2268 superne
1191 2181 1323 2248 uirtutis

417 2283 583 2368 impende.
627 2285 690 2352 Per
703 2283 877 2353 eundem'.

640 2515 796 2583 moninus
814 2517 846 2582 tn
865 2517 1111 2599 srptnamslnu‘.

650 2673 711 2740 Ad
720 2684 868 2742 saccetum
881 2675 1090 2743 Iaraermtium.

464 2799 617 2867 Psecas
648 2814 782 2868 rorum
812 2815 889 2880 τοι,
918 2813 1131 2880 ounsuuus,
1161 2811 1321 2875 pomus,

419 2910 617 2967 crementer
646 2902 779 2981 exaudi,
813 2911 851 2966 ut
878 2902 936 2985 qui
965 2902 1052 2966 iuste
1083 2920 1145 2984 pro
1177 2897 1322 2984 peccatis

421 3001 542 3066 nostris
563 2999 748 3086 affligimur,
761 3021 822 3085 pro
843 3003 892 3066 tui
914 3001 1057 3067 nominis
1078 2999 1183 3085 gloria
1205 2999 1322 3064 libere·

421 3119 501 3166 mur.
539 3100 602 3167 Per
614 3102 786 3167 dominum
802 3111 951 3168 nostrum
967 3100 1097 3167 ihesum
1112 3098 1295 3167 christum.l

762 3277 869 3361 Super
880 3277 996 3344 oblate

380 3385 382 3390 ’
465 3401 658 3470 Muneribus
683 3404 812 3482 nostris,
836 3423 1025 3486 quesumus,
1046 3402 1189 3480 domine,
1218 3401 1323 3486 preci-

420 3503 548 3586 busque
567 3503 735 3587 susceptis,
752 3513 787 3568 et
806 3502 991 3568 caelestibus
1005 3523 1067 3568 nos
1089 3503 1214 3568 munda
1233 3523 1323 3584 mys·

422 3604 520 3682 teriis,
536 3613 570 3669 et
585 3602 765 3668 clementer
779 3601 912 3668 exaudi.
957 3599 1043 3667 Pers

778 3776 953 3860 Praesatio.

468 3899 512 3967 U.
536 3902 578 3966 D.
605 3913 728 3969 aeteme
753 3905 846 3968 deus.
891 3902 979 3988 Quia
1001 3923 1061 3987 per
1087 3923 1126 3968 ea
1149 3923 1225 3986 quae
1247 3921 1324 3967 con·

424 4001 604 4085 spiciuntur
618 4003 808 4068 instruimur
822 4003 941 4086 quibus
961 4004 1069 4068 modis
1090 4003 1133 4068 ad
1152 4001 1326 4067 inuisibilia

420 4106 562 4170 tendere
575 4106 765 4170 debeamus.
812 4107 967 4191 Denique
981 4127 1236 4184 commonemur,
1249 4108 1326 4172 anni

424 4207 568 4271 ducente
596 4225 757 4284 successu,
786 4207 829 4272 de
857 4207 1033 4303 praeteritis
1061 4209 1106 4272 ad
1136 4207 1254 4286 lutura,
1284 4208 1327 4270 de

425 4315 593 4372 uetustate
615 4306 649 4370 in
665 4307 847 4372 nouitatem
864 4309 933 4391 uite
951 4307 1099 4383 transire,
1118 4307 1168 4374 Ut
1191 4307 1328 4371 terrenis

425 4407 720 4472 sustentationibus
735 4408 893 4490 expediti,
909 4406 1049 4473 caelestis
1064 4407 1143 4473 doni
1158 4409 1327 4490 capiamus

426 4506 675 4573 desiderabilius
691 4507 886 4583 ubertatem,
901 4507 946 4573 Et
964 4528 1024 4591 per
1039 4527 1116 4571 eum
1131 4506 1254 4589 cybum
1270 4506 1328 4588 qui

425 4606 594 4672 beneficiis
622 4606 836 4691 prerogatur⁵
858 4607 1001 4687 alternis,
1027 4608 1258 4692 perueniamus
1283 4607 1327 4671 ad

460 4825 469 4857 ¹
486 4825 516 4878 E.
528 4843 553 4892 p.
567 4841 664 4890 5a.0m.
676 4825 703 4876 Z.
786 4825 851 4877 ¹1b.
863 4843 889 4893 p.
902 4839 1000 4889 ηοω.
1012 4825 1042 4876 Ζ.
1124 4828 1134 4858 ⁸
1151 4824 1190 4875 1b.
1200 4839 1249 4876 om.
1261 4825 1289 4874 Z.

459 4905 469 4935 ⁴
485 4918 511 4955 a.
524 4905 754 4956 Circumdederunt.
937 4915 964 4954 v.
976 4904 1043 4967 Quis
1055 4903 1123 4968 apud
1134 4910 1166 4954 te.

488 4996 524 5034 es.
537 4984 651 5048 Diligam
662 4991 694 5045 te,
707 4982 814 5034 domine.
937 4993 980 5034 or.
992 4982 1090 5033 Bonum
1102 4990 1139 5033 est
1151 4981 1275 5034 confiteri.

488 5076 514 5114 ι.
533 5062 629 5112 Adiutn
655 5062 681 5111 in
709 5061 854 5128 opportuni·
937 5069 1004 5110 cort.
1017 5059 1142 5110 inlumina
1152 5060 1249 5112 taciem.

559 5141 661 5192 tatibus.
938 5141 992 5202 (aa.
1010 5138 1119 5188 Nescitis
1138 5138 1208 5204 quod
1228 5139 1265 5190 hii
1287 5137 1331 5206 qui

488 5230 516 5269 v.
528 5219 655 5286 Quoniam
670 5233 720 5268 non
732 5218 759 5268 in
770 5217 853 5270 finem
1035 5216 1061 5266 in
1072 5217 1161 5266 stadio.

488 5309 533 5350 rs.
546 5295 733 5363 Deprolundis.
957 5305 983 5344 v.
995 5294 1083 5345 Simile
1098 5301 1136 5344 est
1148 5309 1252 5360 regnum
1265 5294 1330 5362 eelo-

489 5386 516 5423 v.
528 5375 603 5426 Fiant
613 5391 691 5426 aures
1036 5375 1112 5437 rum).

490 5463 516 5500 v.
529 5452 555 5503 Si
566 5453 717 5518 iniquitates.

462 5531 473 5562 ¹
490 5530 668 5594 ¹Prorogatur!
691 5531 740 5581 But
751 5529 794 5582 the
801 5529 996 5582 volutabam
1008 5529 1101 5582 altered
1113 5529 1139 5580 in
1150 5528 1195 5580 the
1205 5535 1256 5581 text
1267 5529 1331 5579 from

430 5609 464 5659 its
474 5607 580 5674 origum
591 5607 663 5660 torn.

1707 552 1813 628 Dour.
1838 553 1872 627 in
1897 551 1940 627 11.

1373 753 1498 822 uictum
1532 753 1602 820 sine
1634 753 1700 818 fine
1730 765 1929 828 mansurum,
1961 751 2088 817 ihesum
2117 751 2276 818 christum

1373 855 1546 919 dominum
1557 863 1717 918 nostrum.
1745 853 1808 917 Per
1817 873 1918 936 quem
1930 853 2138 918 maiestatem
2150 863 2242 918 tuam
2253 851 2275 916 ¹.

1668 1011 1731 1077 Ad
1740 1010 1969 1112 complendum.

1417 1137 1549 1205 Fideles
1564 1139 1621 1217 tui,
1636 1137 1728 1213 deus,
1740 1147 1902 1221 perpetuo
1913 1137 2004 1201 dono
2018 1137 2090 1221 (per
2104 1145 2162 1203 tua
2173 1134 2275 1223 dona)

1374 1238 1558 1304 formentur
1571 1247 1610 1302 ut
1632 1240 1749 1303 eadem
1772 1246 1806 1303 et
1822 1236 2033 1321 percipiendo
2048 1238 2224 1322 requirant,
2241 1247 2277 1302 et

1374 1339 1553 1424 quaerendo
1567 1339 1637 1402 sine
1653 1336 1719 1401 fine
1733 1337 1926 1420 percipiant.
1968 1335 2032 1401 Per
2045 1337 2241 1402 dominum.⁷

1706 1503 1938 1587 Adpopulum.

1419 1630 1521 1712 Deus,
1536 1628 1593 1714 qui
1613 1650 1674 1713 per
1688 1628 1887 1694 ineffabilem
1906 1628 2149 1694 obseruantiam
2169 1649 2277 1695 sacra·

1375 1731 1478 1796 menti
1501 1729 1701 1795 famulorum
1726 1739 1859 1794 tuomm
1887 1748 2053 1812 praeparas
2079 1728 2276 1806 uoluntates,

1374 1831 1470 1896 donis
1490 1831 1606 1914 gratiae
1628 1839 1696 1895 tuae
1719 1831 1819 1896 corda
1838 1839 1950 1894 nostra
1965 1829 2110 1912 purifica,
2127 1839 2164 1894 ut
2185 1830 2276 1913 quod

1374 1941 1489 1996 sancta
1504 1940 1555 1996 est
1576 1929 1755 1994 deuotione
1768 1929 1989 2007 tractandum,
2004 1929 2138 1995 sinceris
2159 1930 2277 1995 meuti-

1374 2031 1437 2096 bus
1452 2049 1685 2113 exsequamur.
1730 2028 1792 2094 Per
1800 2028 1823 2092 ².

1609 2266 1765 2334 &nunus
1784 2267 1815 2331 ln
1835 2268 2043 2348 stragulum.

1641 2399 1703 2465 Ad
1712 2410 1860 2466 sarnetum
1867 2399 2016 2484 paulum.

1419 2525 1522 2603 Deus,
1550 2528 1607 2609 qui
1643 2528 1805 2610 conspicis
1841 2527 1920 2609 quia
1957 2547 2001 2592 ex
2041 2527 2131 2592 nulla
2165 2539 2277 2594 nostra

1374 2626 1504 2691 actione
1526 2624 1730 2706 confidimus,
1751 2625 1897 2691 concede
1916 2627 2086 2710 propitius,
2102 2638 2139 2693 ut
2162 2639 2277 2695 contra

1374 2725 1515 2791 aduersa
1528 2725 1641 2791 omnia
1655 2726 1800 2791 doctoris
1820 2727 1971 2809 gentium
1986 2729 2191 2810 protectione
2205 2749 2275 2794 mu·

1375 2825 1511 2890 niemur.
1555 2825 1619 2890 Per
1632 2825 1805 2890 dominum
1820 2836 1976 2892 nostrum

1765 2992 1903 3060 Secreta.

1418 3117 1582 3186 Oblatum
1619 3117 1689 3194 tibi,
1723 3116 1868 3195 domine,
1901 3117 2097 3185 sacrificium
2133 3121 2278 3189 uiuificet

1375 3239 1436 3285 nos
1450 3237 1582 3302 semper
1599 3227 1634 3283 et
1650 3216 1787 3283 muniat.
1833 3219 1896 3283 Per
1910 3220 2108 3285 dominum*

1736 3379 1911 3463 Proesatio.

1420 3503 1464 3570 U.
1487 3504 1531 3570 D.
1553 3511 1678 3570 aeteme
1706 3504 1799 3571 deus.
1845 3505 1912 3590 Qui
1935 3507 2163 3574 rationabilem
2189 3530 2278 3575 crea-

1375 3613 1484 3668 turam
1500 3624 1542 3669 ne
1564 3604 1802 3688 temporalibus
1824 3606 1939 3672 dedita
1957 3607 2062 3684 bonis,
2076 3610 2120 3673 ad
2143 3611 2279 3692 praemia

1376 3705 1577 3786 sempiterna
1592 3725 1659 3768 non
1673 3706 1797 3781 tendat,
1814 3727 1855 3772 ea
1870 3707 2118 3790 dispensatione
2132 3709 2279 3794 dignaris

1377 3795 1514 3883 e‘rudire,
1538 3815 1576 3870 ut
1604 3824 1665 3870 nec
1687 3807 1904 3889 castigatione
1927 3807 2070 3888 deficiat,
2096 3830 2157 3874 nec
2186 3829 2280 3894 pros·

1378 3903 1573 3987 peritatibus
1603 3904 1787 3984 insolescat,
1810 3907 1868 3972 sed
1895 3907 1958 3973 hoc
1988 3908 2099 3991 potius
2122 3909 2181 3974 fiat
2210 3909 2279 3973 elus

1377 4002 1521 4088 gloriosa
1534 4004 1677 4082 deuoti0,
1692 4025 1760 4088 quo
1775 4006 1873 4072 nullis
1887 4008 2144 4075 aduersitatibus
2160 4009 2279 4073 obruta

1379 4112 1559 4187 superetur.
1604 4104 1668 4170 Per
1682 4105 1840 4171 christum
1855 4107 2028 4173 dominum
2044 4120 2192 4175 nostrum
2202 4105 2228 4168 ⁴.

1682 4260 1744 4327 Ad
1753 4263 1982 4348 complendum.

1424 4388 1600 4472 Supplices
1628 4399 1663 4454 te
1692 4409 1857 4473 rogamus,
1887 4392 2099 4475 omnipotens
2128 4392 2221 4471 deus,
2251 4399 2288 4457 ut

1379 4510 1463 4574 quos
1489 4490 1555 4554 tuis
1578 4489 1684 4555 reficis
1707 4493 1920 4556 sacramentis
1944 4493 2005 4556 tibi
2032 4492 2134 4557 etiam
2157 4491 2289 4575 placitis

1380 4591 1528 4656 moribus
1543 4591 1720 4674 dignanter
1734 4592 1899 4657 deseruire
1915 4592 2087 4658 concedas
2132 4593 2221 4658 Peru

1717 4755 1778 4818 Ad
1781 4755 1947 4839 populum.

1428 4877 1532 4961 Rege,
1556 4897 1745 4959 quesumus,
1770 4878 1914 4952 domine,
1937 4879 2099 4965 populum
2126 4890 2230 4958 tuum,
2254 4891 2288 4947 et

1415 5053 1610 5120 ¹mez

1414 5132 1426 5164 ⁸
1441 5143 1468 5184 Α.
1479 5133 1586 5198 Exurge,
1596 5147 1679 5199 qnare.

1444 5222 1481 5262 rs,
1493 5210 1572 5268 Deus,
1583 5211 1692 5262 auribus.

1443 5300 1469 5338 n.
1481 5289 1567 5339 Sciant
1578 5297 1672 5354 gentes.

1443 5381 1470 5418 v.
1482 5370 1552 5420 Deus
1563 5386 1640 5430 meus,
1654 5387 1727 5436 poue.

1443 5460 1487 5499 τι.
1500 5449 1674 5500 Commouisti.

1444 5538 1470 5576 v.
1482 5526 1550 5578 Sena
1561 5527 1730 5580 contritiones.

1416 5604 1426 5635 ⁴
1442 5605 1474 5657 0.
1486 5620 1511 5672 p.
1524 5618 1582 5673 ²99·

1742 5053 1754 5085 ⁸
1769 5055 1839 5106 Pam.
1852 5072 1877 5122 p.
1890 5071 1952 5114 arn
1969 5056 2026 5109 Gel.
2040 5075 2067 5124 p.
2079 5073 2135 5124 503,
2146 5076 2193 5111 om.
2205 5059 2233 5110 Ζ

1924 5147 1951 5184 v.
1962 5135 1998 5186 Ut
2009 5135 2113 5200 rugiant

1923 5225 1966 5264 or.
1977 5213 2079 5264 Perfice.

1923 5303 1989 5342 eost.
2002 5291 2122 5342 lutroibo.

1924 5373 1977 5433 (rer.
1995 5369 2232 5422 mentesanae:
2251 5371 2291 5422 iu-

1992 5449 2117 5514 sipiertes.

1922 5539 1968 5578 av.
1981 5527 2046 5578 Cum
2057 5529 2131 5580 turba
2141 5527 2270 5594 plurima)
