5116 6608
428 570 498 639 262
768 561 991 656 iitaeiutionts.

466 770 558 840 telum,
579 767 638 844 ipsi
658 764 796 826 nominent
817 765 969 842 epe'scopum
989 781 1079 823 munt.
1120 760 1172 822 Ad
1187 769 1330 838 uesperum

466 871 523 922 tam
537 865 567 921 in
577 861 692 937 ecclesia
708 859 760 919 udi
773 859 906 938 ponte's‘ex
919 859 987 917 dicit
1003 857 1148 928 orate'om,
1163 874 1248 932 quam
1261 863 1288 914 et
1300 857 1331 915 in

465 957 560 1017 ceteris
571 956 690 1032 {echnis
699 953 923 1031 presbeteronem,
931 958 997 1029 post
1012 951 1149 1010 oratx‘onu
1158 955 1332 1027 preparatur

465 1069 544 1110 crux
557 1057 619 1110 ante
631 1049 730 1120 attare,
745 1048 902 1125 eitterposito
914 1048 1003 1124 spatio
1017 1047 1088 1104 enter
1098 1045 1188 1122 e’psam
1198 1050 1225 1103 et
1233 1044 1330 1116 attare,

465 1151 615 1205 sustentata
633 1142 701 1203 hinc
720 1143 784 1202 ende
803 1161 823 1201 a
842 1141 946 1202 duobus
964 1140 1081 1212 acolitos,
1089 1141 1181 1215 pose'to
1197 1146 1260 1198 onte
1272 1157 1332 1197 eam

466 1240 597 1298 oratorsb.
638 1236 678 1296 In
692 1240 772 1297 curies
784 1236 866 1296 tande
879 1237 983 1294 dentur
995 1253 1056 1294 emm
1070 1231 1205 1307 arabus,
1219 1234 1331 1310 Agyos,

465 1350 566 1410 agyos.
610 1331 721 1408 Populo
742 1349 835 1391 meus.
882 1328 965 1390 Uenit
976 1329 1111 1407 pentpex
1131 1327 1205 1386 sotus
1224 1334 1250 1386 et
1266 1328 1332 1386 odo-

465 1433 559 1488 ratam
580 1427 752 1485 deosculatur
769 1444 884 1484 macene.
925 1421 1034 1482 Deinde
1048 1422 1206 1500 presbiteri,
1226 1427 1254 1480 et
1271 1423 1331 1480 deb-

466 1524 536 1593 coni,
556 1528 582 1581 et
598 1523 683 1581 ceteri
693 1531 748 1597 per
764 1521 893 1593 ardonem,
912 1519 1006 1577 deinde
1020 1519 1150 1596 populus.
1189 1516 1332 1598 Pontflx

465 1639 531 1682 uero
550 1621 624 1679 redit
644 1621 675 1678 in
699 1620 786 1678 sedem
805 1637 886 1677 suom
912 1636 996 1694 usqne
1020 1618 1084 1675 dum
1106 1635 1196 1675 omnes
1215 1616 1334 1675 salutent

452 1703 581 1776 crucem.
622 1713 704 1774 Nam
723 1712 863 1772 salutante
876 1711 1005 1788 poeetffice
1028 1729 1135 1770 cracem
1158 1710 1205 1769 net
1223 1711 1330 1787 populo,

466 1813 582 1872 conetur
605 1820 709 1886 semper
732 1809 894 1885 antiphona,
913 1806 994 1867 Ecce
1014 1806 1127 1883 lignum
1148 1805 1249 1879 crucis,
1268 1824 1330 1863 cum

462 1907 580 1985 psalma,
595 1905 677 1965 Beati
692 1904 869 1965 inmaculati.
912 1903 992 1976 Item,
1013 1902 1140 1963 Crucem
1160 1913 1239 1962 tuam
1258 1902 1329 1962 ado·

466 2019 574 2061 ramus.
616 2001 670 2060 Ps.
702 1998 786 2059 Deus
813 1999 990 2058 misereattu.
1032 1997 1103 2057 Ant.
1134 1995 1216 2057 Dum
1242 1995 1329 2056 sabri-

467 2106 548 2156 cator
560 2095 672 2167 mundi,
687 2114 749 2154 cum
763 2093 888 2153 wsebor
903 2091 982 2153 Crux
996 2091 1098 2154 fidelis.

666 2361 709 2428 ln
729 2363 850 2430 sabbate
870 2366 971 2428 sumto
992 2378 1087 2447 ueste.

807 2508 948 2590 Presateb.

466 2627 505 2690 U.
524 2629 562 2691 D.
584 2646 693 2708 equum
714 2640 743 2690 et
768 2629 901 2690 salutare.
942 2627 990 2689 Te
1011 2627 1130 2706 quidem
1150 2627 1233 2688 omni
1257 2636 1329 2688 tem·

426 2743 498 2805 pore
513 2724 565 2785 sed
579 2725 610 2784 in
624 2725 680 2785 hac
697 2723 882 2802 potissimum
896 2732 993 2783 noete.
1027 2720 1159 2800 Reque're.

710 2981 754 3072 liu
765 2981 811 3047 bis
824 2986 926 3047 sancto
939 2979 1054 3065 pasche.

597 3128 690 3228 Statio
703 3129 877 3190 adiunctam
891 3131 1013 3189 mareiam
1027 3129 1168 3188 maiorem.

811 3260 952 3341 Presatio.

466 3381 504 3442 V.
515 3382 552 3443 D.
568 3400 676 3461 equum
690 3391 719 3442 et
734 3381 866 3443 salutare.
909 3381 956 3442 Te
970 3381 1090 3458 quidem
1104 3379 1185 3443 omni
1199 3387 1331 3458 tempore

426 3476 479 3538 sed
504 3478 535 3538 in
555 3477 614 3537 hoc
641 3476 828 3554 potissimum
856 3473 913 3536 die.
968 3475 1032 3534 Per
1055 3477 1119 3535 ellos
1141 3475 1198 3536 nii.
1221 3476 1286 3548 dies,
1307 3481 1334 3534 et

426 3573 546 3650 deinceps
560 3571 656 3630 cotidie
668 3590 753 3648 nsque
766 3571 947 3630 ascensionem
961 3571 1075 3631 domini.

624 3835 667 3902 lin
686 3837 792 3917 simlia
812 3836 993 3903 assensionis
1012 3836 1132 3904 suntet

810 3981 951 4062 Preaflio.

467 4101 505 4162 U.
519 4101 557 4162 D.
580 4120 633 4181 per
652 4103 791 4164 christum
816 4103 970 4163 dominum
997 4112 1139 4164 nostrum.
1182 4102 1242 4177 Qui
1263 4112 1331 4182 post

427 4197 669 4259 resurrectionem
683 4215 767 4258 suam
780 4198 918 4257 omnibus
932 4197 1090 4274 discipulis.
1124 4195 1257 4274 Require.

697 4454 740 4520 itm
762 4455 928 4521 asenniam
947 4454 1067 4520 oomni

679 4599 772 4663 Stateb
784 4603 825 4662 ad
834 4608 957 4662 sanctum
967 4610 1085 4680 petrum.

814 4735 953 4814 Prefateb.

469 4866 529 4942 Qui
542 4876 611 4945 post
624 4868 865 4930 resurrectionem
880 4885 973 4929 suam.
1012 4867 1053 4928 lit
1067 4878 1163 4946 uepra.

575 5123 731 5189 Dominicis
745 5125 765 5191 i
778 5130 847 5208 post
861 5126 1057 5191 ascensionem
1067 5125 1186 5190 bomini.

808 5270 950 5352 Presatio.

470 5400 531 5475 Qui
549 5410 617 5479 post
636 5403 879 5464 resurrectionem
896 5423 980 5466 suam
998 5411 1026 5464 et
1037 5403 1296 5466 communicantes
1309 5409 1336 5462 et

430 5493 518 5556 Hanc
532 5496 618 5574 igitur
630 5498 744 5558 de'cenda
757 5506 826 5560 sunt
835 5501 910 5560 siem
921 5503 953 5560 in
966 5504 1120 5563 ascnuione
1134 5503 1242 5562 domeni
1251 5520 1334 5580 usque

430 5590 462 5648 in
476 5590 608 5669 ackeleiam
614 5597 783 5670 pnncostee.

1721 559 1931 654 {firmationes

1581 807 1624 874 ila
1640 811 1762 876 sabbato
1778 815 1879 875 sancto
1898 813 2087 892 pentecosten.

1486 955 1635 1037 Laganteer
1648 959 1771 1018 lectionar
1785 959 1847 1019 ,ott
1861 965 1887 1016 et
1897 959 1973 1017 lectio
1986 957 2061 1016 libri
2071 959 2191 1018 ds'cateer.

1547 1088 1586 1148 ln
1600 1091 1662 1167 apsa
1676 1090 1786 1168 nebs'lia.
1820 1088 1912 1149 Statio
1924 1090 1966 1148 ad
1975 1090 2122 1150 lateranas.

1765 1221 1906 1302 Prefoteb.

1424 1344 1463 1406 U.
1477 1346 1515 1404 D.
1530 1363 1583 1425 per
1596 1345 1734 1406 christum
1749 1344 1902 1406 dominnm
1920 1354 2063 1406 nostrum.
2106 1344 2166 1420 Qui
2181 1363 2283 1408 ascen-

1385 1441 1459 1503 dens
1473 1460 1562 1520 super
1575 1459 1681 1502 omnes
1695 1441 1783 1516 celos.
1825 1439 1958 1518 Require.

1621 1670 1664 1737 itm
1681 1671 1726 1735 oie
1742 1675 1844 1736 sanos
1860 1675 2049 1754 emmunim.

1632 1815 1725 1878 Statio
1738 1818 1779 1877 ad
1787 1823 1911 1876 sanctum
1918 1825 2041 1894 petrum.

1718 1937 1727 1966 ’
1764 1951 1906 2030 Prefotio.

1423 2075 1460 2133 V.
1475 2073 1513 2133 D.
1528 2091 1581 2151 per
1595 2072 1734 2134 christum
1749 2071 1904 2132 dominum
1917 2081 2060 2132 nostrum.
2102 2070 2162 2145 Qui
2179 2089 2281 2133 ascen·

1382 2171 1456 2232 dens
1471 2187 1558 2247 super
1571 2187 1676 2230 omnes
1689 2168 1777 2244 celos.
1824 2166 1964 2260 Utsupcr,
1973 2178 2026 2244 per
2039 2169 2088 2226 oei.
2103 2168 2168 2228 dies.

1510 2416 1666 2483 Dominus
1683 2416 1723 2480 tii.
1739 2420 1946 2499 postestatum
1967 2421 2159 2498 pentecostem

1762 2562 1906 2640 Prefoteb.

1422 2683 1460 2747 U.
1475 2686 1513 2747 D.
1527 2694 1626 2762 eterne
1639 2684 1721 2745 deus.
1763 2682 1823 2757 Qui
1844 2702 1912 2744 cum
1930 2683 2082 2760 unigenito
2102 2683 2162 2744 filio
2183 2693 2235 2743 tuo
2255 2694 2285 2743 et

1382 2781 1483 2859 spiritu
1504 2789 1607 2842 sancto
1628 2797 1705 2838 unus
1725 2796 1758 2840 es
1778 2779 1860 2838 deus.
1902 2776 2028 2854 Reqoe're
2048 2784 2121 2837 retro
2139 2779 2170 2836 de
2187 2784 2284 2836 sancta

1382 2879 1513 2938 trinitate.

1573 3041 1730 3108 nominoe
1746 3039 1766 3105 t
1780 3043 1815 3104 bt
1831 3043 1960 3104 abumtu
1973 3040 2093 3105 sumini.

1546 3187 1640 3250 Statio
1652 3188 1693 3249 ad
1703 3193 1829 3247 sanctum
1838 3192 1948 3264 petrum
1962 3187 2120 3263 apostolum.

1763 3319 1904 3395 Prefatio.

1423 3443 1462 3505 U.
1482 3444 1520 3505 D.
1543 3452 1643 3519 eterne
1664 3442 1744 3503 deus.
1786 3440 1847 3515 Qui
1872 3457 1925 3518 per
1944 3440 2029 3515 beate
2053 3437 2143 3514 marie
2165 3439 2283 3516 uirginis

1382 3550 1498 3617 partum
1524 3538 1645 3614 ecclesie
1672 3548 1721 3611 tue
1749 3534 1870 3595 tribuisti
1898 3533 2053 3594 celebrare.
2102 3532 2228 3610 Require
2254 3535 2285 3591 tn

1382 3635 1591 3694 anonentiatioree
1610 3639 1702 3708 sancte
1722 3632 1819 3706 more'p.

1396 3853 1634 3920 Utilitatum
1659 3850 1773 3918 Natali
1786 3851 1881 3918 sanci
1895 3849 2033 3933 stephani
2046 3849 2270 3932 oecumenicis.

1763 3997 1904 4073 Profectio.

1424 4120 1501 4180 Vere
1529 4111 1659 4199 dignum,
1688 4128 1786 4194 eterne
1814 4115 1894 4177 deus.
1948 4113 2028 4189 Quia
2063 4133 2117 4192 per
2145 4114 2284 4175 incarnati

1383 4215 1464 4277 uerbi
1485 4216 1660 4293 mysterium
1703 4212 1834 4290 Require.

1499 4457 1612 4525 mitt.
1625 4457 1685 4524 bal
1699 4457 1751 4522 tab.
1786 4456 1951 4522 Uononem
1965 4455 2061 4521 sancti
2075 4454 2166 4537 sauli

1762 4603 1903 4681 Prefateb.

1423 4725 1461 4787 U.
1476 4727 1514 4789 D.
1529 4735 1627 4802 eterne
1642 4725 1722 4786 deus.
1765 4724 1825 4799 Qui
1846 4724 1998 4786 ecelesiam
2013 4733 2094 4782 tuam
2113 4720 2144 4780 in
2164 4730 2284 4798 aposto-

1382 4821 1445 4882 licis
1466 4823 1586 4882 tribuisti
1607 4820 1765 4882 consistere
1786 4819 1997 4892 fundamentis;
2024 4817 2061 4877 de
2081 4834 2206 4894 quorum
2225 4816 2285 4876 col-

1384 4915 1461 4992 legio
1474 4917 1551 4975 beati
1572 4915 1650 4995 pauli
1664 4914 1789 4992 apostoli
1803 4915 1845 4973 tui
1861 4913 2013 4972 sollemnia
2034 4911 2212 4971 celebrantes
2225 4919 2284 4981 tua,

1385 5010 1514 5084 domine,
1526 5009 1665 5089 preconia
1679 5027 1740 5070 non
1754 5021 1894 5070 tacemus.
1935 5005 1975 5068 Et
1987 5007 2063 5066 ideo.

1590 5228 1633 5295 ln
1645 5229 1842 5312 nummatum
1856 5232 1962 5294 saneta
1976 5228 2083 5292 ustie

1766 5375 1829 5436 Pre
1843 5375 1907 5435 atio.

1385 5496 1464 5654 RU.
1491 5498 1529 5558 D.
1565 5508 1663 5575 eterne
1697 5498 1778 5559 deus
1820 5495 1899 5570 Quia
1932 5513 1986 5575 per
2019 5493 2161 5556 incarnati
2194 5493 2285 5554 uerbi.

1418 5611 1519 5671 equore.
