5122 6610
491 596 577 683 ἐῶ.
595 597 757 685 seimus,
776 593 916 671 dadis.
1401 591 1486 682 ᾗῇ.
1507 591 1697 684 dbmrtis,
1715 591 1905 689 jlrltttutis.
2034 601 2104 691 167

254 796 413 879 ueniente,
446 803 481 864 te
521 796 714 883 opitulante,
749 795 919 882 peruenire
957 815 1150 862 mereamur.
1205 801 1240 861 et
1262 793 1295 859 in
1318 791 1525 861 consessione
1545 792 1622 860 fidei
1641 793 1821 870 roboratur,
1840 793 1891 860 Ut
1913 813 1974 861 nec
1996 797 2105 862 aetatis

259 899 319 964 Per
333 897 494 964 christum
505 898 527 965 ¹.
1204 891 1330 959 lubrico
1359 894 1402 958 ab
1432 893 1615 960 intentione
1645 889 1863 981 mut(aretur),
1888 915 1950 960 nec
1975 894 2105 962 blandi·

552 995 614 1063 Ad
624 996 853 1080 complendum.
1204 994 1325 1060 mentis
1336 993 1520 1060 carnalibus
1530 993 1696 1080 demulce(
1697 991 1809 1080 retur),
1820 1015 1882 1060 nec
1893 1015 1994 1060 sexus
2008 995 2106 1080 sragi·

1205 1093 1299 1160 litate
1308 1090 1565 1180 deterre(retur),
1576 1114 1638 1160 nec
1647 1103 1887 1160 tormentorum
1898 1093 2105 1162 immanitate

1203 1190 1426 1280 uince(retur),
1454 1191 1524 1259 Sed
1553 1193 1719 1260 seruando
1749 1194 1893 1278 corporis
1918 1213 1958 1258 ac
1986 1194 2106 1259 mentis

1204 1294 1439 1378 integritatem,
1456 1313 1531 1358 cum
1546 1292 1745 1378 uirginitatis
1763 1299 1797 1358 et
1820 1292 1969 1376 martyrii
1985 1293 2105 1377 palma,

1203 1402 1363 1458 aetemam
1381 1389 1587 1480 mere(retur)
1600 1391 1737 1476 adipisci
1747 1392 1998 1458 beatitudinem.
2044 1394 2106 1458 Per

1203 1491 1362 1559 christum
1373 1489 1396 1556 ¹.

293 1125 429 1202 Praesta,
460 1145 647 1209 quesumus,
678 1125 813 1190 domine
845 1125 927 1190 deus
961 1134 1082 1203 noster,
1115 1131 1152 1190 ut

253 1246 391 1310 quorum
408 1225 588 1292 lestiuitate
599 1224 713 1291 uotiua
724 1235 801 1291 sunt
812 1235 1027 1302 sacramenta,
1038 1245 1152 1290 eorum

252 1325 405 1392 salutaria
441 1325 537 1392 nobis
573 1326 807 1392 intercessione
844 1325 1032 1391 reddantur.
1091 1325 1153 1390 Per

252 1427 421 1493 dominum
437 1436 586 1492 nostrum
595 1425 618 1489 2.

1508 1577 1569 1643 Ad
1581 1577 1809 1661 conrplendum.

342 1681 523 1747 ilubtmhit.
551 1679 665 1745 Νδῒᾶῖῑ
682 1680 778 1746 *ml
791 1697 898 1744 ΝΜ
911 1680 1058 1763 mliii·
1247 1701 1393 1784 satiasti,
1423 1703 1568 1782 domine,
1598 1703 1758 1770 familiam
1790 1713 1883 1769 tuam
1915 1703 2105 1769 muneribus

294 1816 426 1894 Praesta,
453 1834 640 1898 quesumus,
672 1813 882 1897 omnipotens
911 1813 1002 1894 deus,
1030 1814 1150 1898 utqui
1202 1803 1312 1868 sacris.
1347 1803 1438 1883 Eius,
1450 1822 1637 1887 quesumus,
1649 1823 1780 1886 semper
1794 1802 2028 1868 intercessione
2044 1823 2104 1868 nos

252 1916 338 1981 beati
355 1935 475 1980 menne
491 1915 645 1997 martyris
660 1914 709 1979 tui
725 1912 875 1979 natalitia
890 1914 1037 1992 colimne,
1050 1915 1149 1979 inter·
1203 1901 1314 1968 refove
1329 1904 1420 1969 cuius
1435 1903 1633 1987 sollempnia
1647 1901 1862 1968 celebramus·
1908 1903 1994 1968 ΡΨ

253 2016 398 2080 cessione
423 2015 492 2080 eius
516 2015 551 2079 in
576 2014 625 2080 tui
648 2014 792 2079 nominis
813 2035 926 2079 amore
949 2015 1150 2080 roboremur.

254 2118 336 2181 Per-⁷
633 2200 772 2268 Secreta·
1217 2137 1499 2206 assentatur.
1526 2139 1911 2206 tiataltsanrtirlrmmtls
1925 2140 2092 2223 msttptw.

295 2314 487 2381 Muneribus
520 2316 650 2394 nostris,
683 2333 869 2398 quesumus,
903 2314 1046 2392 domine,
1077 2336 1151 2399 pre·

253 2413 406 2498 cibusque
438 2413 608 2498 susceptis,
644 2424 678 2480 et
711 2413 897 2479 caelestibus
931 2435 992 2479 nos
1027 2415 1152 2481 munda

254 2515 404 2580 misteriis
419 2524 453 2581 et
468 2514 648 2580 clementer
663 2515 797 2580 exaudi.
842 2514 937 2580 Ρεῐ.γ

1246 2274 1346 2350 Deus,
1363 2275 1418 2358 qui
1435 2297 1496 2341 nos
1518 2296 1628 2341 annua
1650 2275 1740 2341 beati
1756 2273 1930 2341 clementis
1950 2276 2105 2360 martyris

1203 2375 1250 2441 tui
1280 2384 1381 2459 atque
1410 2375 1577 2459 pontificis
1603 2375 1828 2441 sollemnitate
1850 2376 2006 2456 laetificas,
2028 2396 2106 2442 con-

1202 2473 1283 2540 cede
1304 2476 1477 2559 propitius,
1493 2484 1531 2540 ut
1552 2475 1644 2540 cuius
1666 2476 1817 2542 natalitia
1838 2476 1987 2554 colimus,
2003 2475 2105 2540 uirtu-

1202 2582 1272 2640 tem
1310 2595 1443 2660 quoque
1479 2575 1641 2659 passionis
1679 2575 1854 2642 imitemur.
1900 2576 1962 2640 Per
1998 2575 2106 2640 domi-

552 2687 853 2772 Adcomplendum.
1202 2683 1305 2740 num.l

293 2802 356 2882 Da,
379 2823 566 2886 quesumus,
588 2801 722 2867 domine
749 2802 831 2866 deus
858 2809 978 2882 noster,
1003 2811 1040 2867 ut
1066 2801 1151 2867 sicut

251 2911 379 2968 tuorum
413 2901 728 2968 commemoratione
757 2911 945 2967 sanctorum
975 2902 1150 2985 temporali
1245 2885 1396 2963 Munera,
1416 2886 1559 2967 dOmissQ
1575 2886 1689 2952 Oblata
1705 2885 1883 2966 sanctifica,
1899 2897 1941 2967 et,
1964 2887 2103 2952 interce·

251 3002 452 3086 gratulamur
470 3002 587 3083 0fficio‚
602 3002 649 3067 ita
664 3011 825 3086 perpetuo
839 3001 991 3067 laetemur
1003 3011 1150 3086 aspectu,
1202 2985 1303 3052 dente
1318 2987 1419 3052 beato
1434 2985 1597 3052 clemente
1618 2995 1764 3071 martyre
1783 2997 1851 3064 tuo,
1867 3007 1927 3070 per
1948 2986 2021 3053 haec
2043 3003 2104 3050 nos

254 3104 323 3170 Per.
1202 3095 1650 3170 apeccatorumnostrorum
1664 3087 1801 3154 maculis
1816 3089 1968 3154 emunda
2007 3087 2092 3151 Per.⁷

1582 2759 1723 2827 Secreta.

1570 3261 1745 3348 Proesatio.

1246 3388 1291 3455 U.
1319 3389 1362 3453 D.
1390 3399 1513 3455 aeteme
1538 3390 1629 3456 deus.
1674 3389 1719 3454 Et
1749 3389 1782 3454 in
1811 3388 1873 3454 hac
1899 3387 1976 3454 die³
2002 3408 2103 3471 quam

1201 3489 1291 3557 beati
1314 3491 1487 3557 clementis
1508 3490 1619 3574 passio
1642 3491 1855 3564 consecrauit,
1879 3498 1913 3554 et
1936 3487 2031 3553 nobis
2049 3510 2104 3552 ue-

1202 3594 1382 3658 nerabilem
1405 3592 1567 3669 exhibuit,
1587 3591 1654 3676 Qui
1676 3590 1859 3676 apostolica
1881 3590 2104 3674 predicatione

1202 3696 1356 3770 imbutus,
1380 3695 1538 3761 doctrinis
1565 3693 1752 3760 caelestibus
1782 3694 1951 3770 educatus,
1976 3711 2105 3756 succes·

1201 3796 1302 3860 sionis
1324 3796 1487 3880 dignitate
1509 3794 1713 3878 conspicuus,
1729 3801 1764 3860 et
1780 3801 1905 3876 martyr
1919 3791 2055 3875 insignis
2070 3800 2105 3856 et

633 3911 773 3976 secreta,
1201 3897 1354 3962 sacerdos
1370 3894 1496 3960 refulsit
1511 3894 1673 3979 egregius.
1718 3893 1782 3957 Per
1796 3891 1955 3957 christum
1965 3889 1988 3956 ⁴.

345 3319 377 3384 Ξ.
392 3315 453 3384 bal.
466 3320 523 3382 ter.
552 3313 665 3382 Natalr
679 3321 786 3384 sancta
798 3317 895 3382 realia
908 3317 1058 3397 mrumst

292 3447 395 3531 Deus,
418 3449 475 3534 qui
504 3470 565 3514 nos
586 3470 697 3516 annua
719 3450 827 3516 beatae
850 3450 972 3515 ceciliae
998 3451 1151 3535 martyris

252 3559 316 3615 tuae
341 3549 589 3633 sollempnitate
613 3549 772 3626 laetificas,
798 3552 842 3616 da
868 3559 1029 3634 utquam
1052 3572 1152 3616 uene·

252 3671 359 3714 ramur
374 3650 483 3715 officio
498 3650 600 3714 etiam
615 3650 680 3733 piae
699 3650 957 3715 conuersationis
975 3671 1152 3734 sequamur

252 3749 417 3833 exemplo.
463 3750 526 3814 Per
540 3749 736 3814 dominum

296 4025 417 4090 Hostia
450 4024 532 4104 baec,
562 4025 708 4102 domine,
737 4025 933 4109 placationis
970 4035 1005 4090 et
1035 4025 1151 4106 laudis,
1498 4071 1560 4137 Ad
1576 4071 1804 4155 complendum·

252 4146 436 4209 quesumus,
452 4135 498 4206 ut,
508 4125 746 4191 interueniente
761 4124 862 4191 beata
877 4124 990 4191 cecilia
1006 4134 1152 4210 martyre

252 4235 316 4304 tua,
346 4245 406 4290 nos
435 4225 669 4309 propitiatione
702 4225 822 4310 dignos
858 4246 990 4310 semper
1021 4226 1151 4292 efficiat.
1247 4199 1402 4285 C⁰¹l³0¹i⁵
1435 4199 1518 4265 sacri
1549 4205 1584 4265 et
1614 4197 1752 4282 Ρῑθῦῑθθῑ
1784 4196 1953 4281 ὃὸῃέὓῑΰῑθ
1987 4194 2104 4280 repleti

253 4327 337 4391 Pera
1202 4299 1365 4375 libamine,
1378 4320 1568 4384 quesumus,
1579 4300 1713 4364 domine
1729 4298 1812 4363 deus
1827 4307 1950 4375 noster,
1962 4305 1998 4361 ut
2014 4295 2104 4380 quod

610 4411 784 4497 Proesatio.
1201 4401 1257 4484 pia
1272 4400 1449 4467 deuotione
1464 4399 1609 4484 gerimus
1632 4407 1722 4464 certa
1744 4397 1972 4481 redemptione
1994 4397 2104 4479 capia-

1203 4521 1286 4565 mus.
1333 4500 1418 4566 Per!

295 4539 340 4605 U.
353 4537 398 4602 D.
413 4546 536 4603 aeteme
551 4537 642 4603 deus.
688 4536 755 4621 Qui
770 4535 901 4621 perficis
912 4538 945 4602 in
961 4536 1151 4604 infirmitate

253 4638 416 4715 uirtutem,
429 4646 463 4702 et
478 4636 614 4702 humani
628 4638 759 4721 generis
774 4638 942 4703 inimicum
960 4658 1027 4704 non
1041 4638 1150 4704 solum

252 4757 309 4820 per
330 4738 418 4802 uiros
440 4738 499 4803 sed
522 4737 622 4802 etiam
646 4757 705 4821 per
726 4736 866 4802 seminas
889 4737 1002 4802 uineis.
1048 4737 1151 4804 Cuius
1344 4735 1458 4803 enum
1474 4736 1528 4802 tir.
1560 4732 1673 4801 unua
1686 4739 1793 4801 sancte
1806 4732 1965 4798 felicitatis.

253 4857 385 4903 munere
400 4837 499 4902 beata
521 4837 642 4913 cecilia,
659 4847 692 4904 et
712 4837 746 4902 in
769 4837 966 4922 uirginitatis
981 4841 1151 4923 proposito
1247 4867 1380 4952 praesta,
1395 4891 1583 4955 quesumus,
1598 4869 1809 4954 omnipotens
1830 4868 1921 4948 deus,
1940 4873 1977 4932 ut
1996 4858 2106 4930 beatas

283 5025 332 5075 ¹0
446 5041 453 5054 .
1202 4969 1368 5037 felicitatis
1391 4971 1545 5054 martyris
1572 4978 1640 5034 tuae
1662 4969 1859 5052 sollempnia
1888 4973 2105 5050 recensentes,

334 5039 378 5089 .p.
390 5022 682 5088 340,Y.lol.131e.Z.

283 5101 294 5132 ¹
310 5115 329 5154 ψ
343 5103 497 5168 smmpop,
524 5103 557 5154 ο,
570 5117 591 5155 s.
601 5103 625 5154 a
637 5103 852 5170 mummium
862 5104 937 5156 huius
951 5105 1002 5157 diei
1013 5106 1114 5168 intuere,
1126 5113 1152 5157 εἰ
1203 5071 1328 5136 meritis
1343 5072 1444 5155 ipsius
1460 5079 1673 5155 protegamur
1684 5077 1717 5134 et
1727 5067 1886 5153 precibus.
1934 5066 2020 5130 Pers

253 5179 388 5232 ecclesiam
400 5187 469 5232 tuam
481 5181 656 5234 intercessione
667 5181 735 5233 beati
747 5183 857 5245 martini,
870 5183 1018 5235 confessoris
1030 5185 1066 5234 tui
1077 5191 1152 5251 atque

253 5257 385 5326 pontificis,
397 5259 515 5310 continua
525 5258 567 5311 iac
575 5259 719 5312 celebritate
729 5261 847 5326 gaudem,
858 5262 1019 5329 omniumque
1031 5264 1057 5314 in
1068 5269 1093 5314 te
1101 5279 1151 5315 cre·
1236 5262 1244 5292 ¹
1261 5264 1293 5316 0.
1305 5279 1331 5329 p.
1343 5261 1559 5327 341;Y.tol.132
1572 5262 1598 5312 b.
1610 5262 1638 5312 Z.

253 5335 433 5389 dentinmnote
443 5337 565 5404 perficias.
598 5339 653 5390 Per.
670 5340 699 5390 Z.
1235 5341 1491 5394 ’unicitdominus
1498 5356 1629 5392 mones.
1712 5351 1740 5392 v,
1752 5339 1825 5390 Dixit
1835 5337 2055 5390 dominusetnon.

284 5415 336 5467 ’a
348 5416 482 5484 loquebar
492 5416 532 5470 de.
762 5416 1062 5485 ALDiffusnestgratia.
1261 5433 1299 5474 rs,
1310 5421 1427 5480 Domine,
1438 5419 1527 5470 exaudi
1539 5419 1630 5472 oratio·
1713 5432 1738 5470 Α.
1751 5419 1872 5484 Disposui
1883 5423 2066 5469 testamentum.

310 5507 348 5546 rs,
360 5494 432 5545 Beati
444 5494 597 5550 inmaculati.
762 5505 806 5548 os.
818 5495 964 5549 Oiserentur.
1335 5515 1401 5551 nem.
1586 5523 1587 5528 =
1712 5507 1756 5549 os.
1767 5497 1866 5548 Ueritas
1877 5511 1940 5546 mea.

310 5586 336 5625 a.
345 5573 425 5634 Audi,
435 5572 487 5625 filia
498 5579 531 5628 et.
704 5622 708 5646 .=
762 5585 805 5627 co.
817 5575 1012 5630 Confundentnr.
1263 5590 1289 5630 ι.
1300 5579 1397 5629 Iureuit
1407 5575 1530 5630 dominus.
1646 5607 1651 5619 ·
1712 5587 1755 5627 00.
1767 5575 1858 5626 Beatus
1870 5589 1964 5627 ursus.

310 5663 338 5704 v.
350 5651 439 5720 Specie
449 5657 507 5706 tuse.
1173 5683 1176 5700 ·
1238 5657 1285 5711 ’ψ
1298 5655 1431 5724 gloriosius
1442 5657 1469 5710 Z.
1669 5653 1727 5708 ¹0.
1739 5671 1765 5722 p.
1776 5653 1883 5720 3423Y.
1894 5653 1937 5707 iol.
1949 5653 2032 5720 1331).
2044 5653 2072 5706 Ζ.
