<?xml version="1.0" encoding="UTF-8"?>
<!DOCTYPE html PUBLIC "-//W3C//DTD XHTML 1.0 Transitional//EN"
    "http://www.w3.org/TR/xhtml1/DTD/xhtml1-transitional.dtd">
<html xmlns="http://www.w3.org/1999/xhtml" xml:lang="en" lang="en">
 <head>
  <title>
</title>
<meta http-equiv="Content-Type" content="text/html;charset=utf-8" />
  <meta name='ocr-system' content='tesseract 3.04.00' />
  <meta name='ocr-capabilities' content='ocr_page ocr_carea ocr_par ocr_line ocrx_word'/>
</head>
<body>
  <div class='ocr_page' id='page_1' title='image "./leofricmissalas00cathgoog/leofricmissalas00cathgoog_0134.png"; bbox 0 0 5124 6608; ppageno 0'>
   <div class='ocr_carea' id='block_1_1' title="bbox 573 595 858 682">
    <p class='ocr_par' dir='ltr' id='par_1_1' title="bbox 573 595 858 682">
     <span class='ocr_line' id='line_1_1' title="bbox 573 595 858 682; baseline -0.021 -10"><span class='ocrx_word' id='word_1_1' title='bbox 573 595 660 672; x_wconf 67' lang='lat' dir='ltr'>sna</span> <span class='ocrx_word' id='word_1_2' title='bbox 685 595 858 682; x_wconf 60' lang='lat' dir='ltr'>musam.</span> 
     </span>
    </p>
   </div>
   <div class='ocr_carea' id='block_1_2' title="bbox 445 771 970 978">
    <p class='ocr_par' dir='ltr' id='par_1_2' title="bbox 445 771 970 978">
     <span class='ocr_line' id='line_1_2' title="bbox 445 771 970 860; baseline -0.004 -19"><span class='ocrx_word' id='word_1_3' title='bbox 445 773 509 860; x_wconf 56' lang='lat' dir='ltr'>[du</span> <span class='ocrx_word' id='word_1_4' title='bbox 523 790 625 841; x_wconf 77' lang='lat' dir='ltr'>sanas</span> <span class='ocrx_word' id='word_1_5' title='bbox 638 777 736 840; x_wconf 73' lang='lat' dir='ltr'>testea</span> <span class='ocrx_word' id='word_1_6' title='bbox 750 771 949 858; x_wconf 72' lang='lat' dir='ltr'>inauratum]</span> <span class='ocrx_word' id='word_1_7' title='bbox 963 777 970 810; x_wconf 87' lang='lat'>¹</span> 
     </span>
     <span class='ocr_line' id='line_1_3' title="bbox 551 899 871 978; baseline -0.006 -18"><span class='ocrx_word' id='word_1_8' title='bbox 551 899 603 960; x_wconf 78' lang='lat' dir='ltr'>Ad</span> <span class='ocrx_word' id='word_1_9' title='bbox 613 899 871 978; x_wconf 80' lang='lat' dir='ltr'>superhumeralem.</span> 
     </span>
    </p>
   </div>
   <div class='ocr_carea' id='block_1_3' title="bbox 310 1014 1123 1273">
    <p class='ocr_par' dir='ltr' id='par_1_3' title="bbox 310 1014 1123 1273">
     <span class='ocr_line' id='line_1_4' title="bbox 310 1014 1079 1092; baseline -0.001 -18"><span class='ocrx_word' id='word_1_10' title='bbox 310 1015 408 1076; x_wconf 84' lang='lat' dir='ltr'>Virtus</span> <span class='ocrx_word' id='word_1_11' title='bbox 422 1033 547 1088; x_wconf 90' lang='lat' dir='ltr'>summa,</span> <span class='ocrx_word' id='word_1_12' title='bbox 561 1015 641 1088; x_wconf 89' lang='lat' dir='ltr'>deus,</span> <span class='ocrx_word' id='word_1_13' title='bbox 657 1023 829 1076; x_wconf 91' lang='lat' dir='ltr'>cunctorum</span> <span class='ocrx_word' id='word_1_14' title='bbox 844 1024 939 1075; x_wconf 92' lang='lat' dir='ltr'>rector</span> <span class='ocrx_word' id='word_1_15' title='bbox 953 1014 1079 1092; x_wconf 90' lang='lat' dir='ltr'>opimus,</span> 
     </span>
     <span class='ocr_line' id='line_1_5' title="bbox 310 1105 1123 1182; baseline -0.004 -16"><span class='ocrx_word' id='word_1_16' title='bbox 310 1106 358 1166; x_wconf 93' lang='lat' dir='ltr'>Tu</span> <span class='ocrx_word' id='word_1_17' title='bbox 372 1106 494 1166; x_wconf 88' lang='lat' dir='ltr'>benedic</span> <span class='ocrx_word' id='word_1_18' title='bbox 508 1114 640 1165; x_wconf 89' lang='lat' dir='ltr'>nostnrm</span> <span class='ocrx_word' id='word_1_19' title='bbox 655 1122 715 1182; x_wconf 90' lang='lat' dir='ltr'>quo</span> <span class='ocrx_word' id='word_1_20' title='bbox 729 1122 809 1164; x_wconf 90' lang='lat' dir='ltr'>nunc</span> <span class='ocrx_word' id='word_1_21' title='bbox 823 1122 962 1165; x_wconf 90' lang='lat' dir='ltr'>ornamur</span> <span class='ocrx_word' id='word_1_22' title='bbox 976 1105 1123 1176; x_wconf 89' lang='lat' dir='ltr'>amictum,</span> 
     </span>
     <span class='ocr_line' id='line_1_6' title="bbox 310 1195 933 1273; baseline -0.002 -16"><span class='ocrx_word' id='word_1_23' title='bbox 310 1195 351 1258; x_wconf 92' lang='lat' dir='ltr'>Ut</span> <span class='ocrx_word' id='word_1_24' title='bbox 364 1197 471 1257; x_wconf 79' lang='lat' dir='ltr'>sentire</span> <span class='ocrx_word' id='word_1_25' title='bbox 484 1196 536 1256; x_wconf 90' lang='lat' dir='ltr'>tibi</span> <span class='ocrx_word' id='word_1_26' title='bbox 550 1197 700 1256; x_wconf 87' lang='lat' dir='ltr'>ualeamus</span> <span class='ocrx_word' id='word_1_27' title='bbox 714 1195 801 1255; x_wconf 88' lang='lat' dir='ltr'>corde</span> <span class='ocrx_word' id='word_1_28' title='bbox 815 1196 933 1273; x_wconf 90' lang='lat' dir='ltr'>pudico.</span> 
     </span>
    </p>
   </div>
   <div class='ocr_carea' id='block_1_4' title="bbox 633 1327 886 1388">
    <p class='ocr_par' dir='ltr' id='par_1_4' title="bbox 633 1327 886 1388">
     <span class='ocr_line' id='line_1_7' title="bbox 633 1327 886 1388; baseline -0.004 -1"><span class='ocrx_word' id='word_1_29' title='bbox 633 1327 686 1387; x_wconf 76' lang='lat' dir='ltr'>Ad</span> <span class='ocrx_word' id='word_1_30' title='bbox 696 1328 797 1388; x_wconf 80' lang='lat' dir='ltr'>albam.</span> <span class='ocrx_word' id='word_1_31' title='bbox 879 1353 886 1370; x_wconf 74' lang='lat'>=</span> 
     </span>
    </p>
   </div>
   <div class='ocr_carea' id='block_1_5' title="bbox 308 1442 961 1700">
    <p class='ocr_par' dir='ltr' id='par_1_5' title="bbox 308 1442 961 1700">
     <span class='ocr_line' id='line_1_8' title="bbox 309 1442 921 1522; baseline 0.002 -19"><span class='ocrx_word' id='word_1_32' title='bbox 309 1442 446 1504; x_wconf 88' lang='lat' dir='ltr'>Uestibus</span> <span class='ocrx_word' id='word_1_33' title='bbox 460 1443 601 1522; x_wconf 82' lang='lat' dir='ltr'>angelicis</span> <span class='ocrx_word' id='word_1_34' title='bbox 615 1443 717 1514; x_wconf 92' lang='lat' dir='ltr'>induti,</span> <span class='ocrx_word' id='word_1_35' title='bbox 731 1461 783 1504; x_wconf 86' lang='lat' dir='ltr'>rex</span> <span class='ocrx_word' id='word_1_36' title='bbox 797 1443 921 1520; x_wconf 89' lang='lat' dir='ltr'>pietatis,</span> 
     </span>
     <span class='ocr_line' id='line_1_9' title="bbox 308 1533 921 1611; baseline -0.003 -17"><span class='ocrx_word' id='word_1_37' title='bbox 308 1534 460 1594; x_wconf 90' lang='lat' dir='ltr'>Poscimus</span> <span class='ocrx_word' id='word_1_38' title='bbox 473 1533 562 1593; x_wconf 91' lang='lat' dir='ltr'>libare</span> <span class='ocrx_word' id='word_1_39' title='bbox 576 1533 657 1611; x_wconf 90' lang='lat' dir='ltr'>pium</span> <span class='ocrx_word' id='word_1_40' title='bbox 670 1533 799 1592; x_wconf 87' lang='lat' dir='ltr'>libamen</span> <span class='ocrx_word' id='word_1_41' title='bbox 813 1533 921 1604; x_wconf 92' lang='lat' dir='ltr'>odoris,</span> 
     </span>
     <span class='ocr_line' id='line_1_10' title="bbox 309 1623 961 1700; baseline 0.002 -16"><span class='ocrx_word' id='word_1_42' title='bbox 309 1624 357 1684; x_wconf 82' lang='lat' dir='ltr'>Ad</span> <span class='ocrx_word' id='word_1_43' title='bbox 371 1625 454 1685; x_wconf 90' lang='lat' dir='ltr'>citius</span> <span class='ocrx_word' id='word_1_44' title='bbox 468 1623 592 1684; x_wconf 81' lang='lat' dir='ltr'>delenda</span> <span class='ocrx_word' id='word_1_45' title='bbox 605 1623 681 1682; x_wconf 85' lang='lat' dir='ltr'>male</span> <span class='ocrx_word' id='word_1_46' title='bbox 695 1624 831 1700; x_wconf 88' lang='lat' dir='ltr'>contagia</span> <span class='ocrx_word' id='word_1_47' title='bbox 846 1623 961 1685; x_wconf 90' lang='lat' dir='ltr'>mentis.</span> 
     </span>
    </p>
   </div>
   <div class='ocr_carea' id='block_1_6' title="bbox 610 1753 825 1833">
    <p class='ocr_par' dir='ltr' id='par_1_6' title="bbox 610 1753 825 1833">
     <span class='ocr_line' id='line_1_11' title="bbox 610 1753 825 1833; baseline 0.005 -19"><span class='ocrx_word' id='word_1_48' title='bbox 610 1753 663 1814; x_wconf 73' lang='lat' dir='ltr'>Aa</span> <span class='ocrx_word' id='word_1_49' title='bbox 674 1755 825 1833; x_wconf 61' lang='lat' dir='ltr'>cingulum.</span> 
     </span>
    </p>
   </div>
   <div class='ocr_carea' id='block_1_7' title="bbox 308 1871 1063 2138">
    <p class='ocr_par' dir='ltr' id='par_1_7' title="bbox 308 1871 1063 2138">
     <span class='ocr_line' id='line_1_12' title="bbox 310 1871 963 1942; baseline -0.005 -10"><span class='ocrx_word' id='word_1_50' title='bbox 310 1871 459 1933; x_wconf 88' lang='lat' dir='ltr'>Scrutatur</span> <span class='ocrx_word' id='word_1_51' title='bbox 473 1871 569 1932; x_wconf 90' lang='lat' dir='ltr'>cordis</span> <span class='ocrx_word' id='word_1_52' title='bbox 583 1879 612 1931; x_wconf 91' lang='lat' dir='ltr'>et</span> <span class='ocrx_word' id='word_1_53' title='bbox 626 1881 707 1931; x_wconf 88' lang='lat' dir='ltr'>caste</span> <span class='ocrx_word' id='word_1_54' title='bbox 720 1871 827 1932; x_wconf 89' lang='lat' dir='ltr'>mentis</span> <span class='ocrx_word' id='word_1_55' title='bbox 842 1879 963 1942; x_wconf 90' lang='lat' dir='ltr'>amator,</span> 
     </span>
     <span class='ocr_line' id='line_1_13' title="bbox 308 1963 1063 2042; baseline -0.003 -16"><span class='ocrx_word' id='word_1_56' title='bbox 308 1965 356 2026; x_wconf 90' lang='lat' dir='ltr'>Tu</span> <span class='ocrx_word' id='word_1_57' title='bbox 372 1966 488 2026; x_wconf 92' lang='lat' dir='ltr'>lumbos</span> <span class='ocrx_word' id='word_1_58' title='bbox 503 1966 642 2042; x_wconf 77' lang='lat' dir='ltr'>precinge</span> <span class='ocrx_word' id='word_1_59' title='bbox 656 1983 748 2038; x_wconf 89' lang='lat' dir='ltr'>meos,</span> <span class='ocrx_word' id='word_1_60' title='bbox 764 1966 836 2025; x_wconf 87' lang='lat' dir='ltr'>deus</span> <span class='ocrx_word' id='word_1_61' title='bbox 850 1965 951 2024; x_wconf 91' lang='lat' dir='ltr'>intime</span> <span class='ocrx_word' id='word_1_62' title='bbox 966 1963 1063 2038; x_wconf 83' lang='lat' dir='ltr'>iudex,</span> 
     </span>
     <span class='ocr_line' id='line_1_14' title="bbox 308 2059 1010 2138; baseline -0.001 -19"><span class='ocrx_word' id='word_1_63' title='bbox 308 2059 489 2121; x_wconf 86' lang='lat' dir='ltr'>Mortificans</span> <span class='ocrx_word' id='word_1_64' title='bbox 504 2077 612 2138; x_wconf 88' lang='lat' dir='ltr'>prauos</span> <span class='ocrx_word' id='word_1_65' title='bbox 625 2060 656 2119; x_wconf 90' lang='lat' dir='ltr'>in</span> <span class='ocrx_word' id='word_1_66' title='bbox 670 2069 753 2121; x_wconf 90' lang='lat' dir='ltr'>casto</span> <span class='ocrx_word' id='word_1_67' title='bbox 768 2077 891 2137; x_wconf 87' lang='lat' dir='ltr'>corpore</span> <span class='ocrx_word' id='word_1_68' title='bbox 905 2077 1010 2119; x_wconf 87' lang='lat' dir='ltr'>mores.</span> 
     </span>
    </p>
   </div>
   <div class='ocr_carea' id='block_1_8' title="bbox 634 2193 802 2254">
    <p class='ocr_par' dir='ltr' id='par_1_8' title="bbox 634 2193 802 2254">
     <span class='ocr_line' id='line_1_15' title="bbox 634 2193 802 2254; baseline -0.012 0"><span class='ocrx_word' id='word_1_69' title='bbox 634 2193 686 2254; x_wconf 72' lang='lat' dir='ltr'>Aa</span> <span class='ocrx_word' id='word_1_70' title='bbox 696 2194 802 2253; x_wconf 79' lang='lat' dir='ltr'>stolam.</span> 
     </span>
    </p>
   </div>
   <div class='ocr_carea' id='block_1_9' title="bbox 308 2307 1043 2574">
    <p class='ocr_par' dir='ltr' id='par_1_9' title="bbox 308 2307 1043 2574">
     <span class='ocr_line' id='line_1_16' title="bbox 308 2307 1043 2386; baseline -0.005 -15"><span class='ocrx_word' id='word_1_71' title='bbox 308 2307 392 2371; x_wconf 88' lang='lat' dir='ltr'>Colla</span> <span class='ocrx_word' id='word_1_72' title='bbox 405 2308 475 2386; x_wconf 90' lang='lat' dir='ltr'>iugo</span> <span class='ocrx_word' id='word_1_73' title='bbox 490 2307 643 2368; x_wconf 90' lang='lat' dir='ltr'>subdendo</span> <span class='ocrx_word' id='word_1_74' title='bbox 658 2318 716 2382; x_wconf 93' lang='lat' dir='ltr'>tuo,</span> <span class='ocrx_word' id='word_1_75' title='bbox 729 2310 801 2370; x_wconf 90' lang='lat' dir='ltr'>deus</span> <span class='ocrx_word' id='word_1_76' title='bbox 815 2307 891 2368; x_wconf 89' lang='lat' dir='ltr'>alme</span> <span class='ocrx_word' id='word_1_77' title='bbox 906 2317 1043 2380; x_wconf 88' lang='lat' dir='ltr'>sacrator,</span> 
     </span>
     <span class='ocr_line' id='line_1_17' title="bbox 308 2401 1039 2481; baseline -0.003 -18"><span class='ocrx_word' id='word_1_78' title='bbox 308 2403 356 2463; x_wconf 82' lang='lat' dir='ltr'>Ad</span> <span class='ocrx_word' id='word_1_79' title='bbox 370 2404 452 2463; x_wconf 91' lang='lat' dir='ltr'>cuius</span> <span class='ocrx_word' id='word_1_80' title='bbox 467 2401 589 2480; x_wconf 86' lang='lat' dir='ltr'>dignum</span> <span class='ocrx_word' id='word_1_81' title='bbox 603 2403 732 2481; x_wconf 89' lang='lat' dir='ltr'>pretiosa</span> <span class='ocrx_word' id='word_1_82' title='bbox 745 2413 839 2463; x_wconf 90' lang='lat' dir='ltr'>morte</span> <span class='ocrx_word' id='word_1_83' title='bbox 853 2402 1039 2480; x_wconf 81' lang='lat' dir='ltr'><strong>sepulchrum</strong></span> 
     </span>
     <span class='ocr_line' id='line_1_18' title="bbox 309 2496 982 2574; baseline -0.004 -17"><span class='ocrx_word' id='word_1_84' title='bbox 309 2496 409 2557; x_wconf 89' lang='lat' dir='ltr'>Uirtus</span> <span class='ocrx_word' id='word_1_85' title='bbox 422 2496 554 2574; x_wconf 87' lang='lat' dir='ltr'>angelica</span> <span class='ocrx_word' id='word_1_86' title='bbox 567 2497 733 2557; x_wconf 81' lang='lat' dir='ltr'>considerat</span> <span class='ocrx_word' id='word_1_87' title='bbox 745 2497 848 2557; x_wconf 87' lang='lat' dir='ltr'>ordine</span> <span class='ocrx_word' id='word_1_88' title='bbox 862 2497 982 2558; x_wconf 84' lang='lat' dir='ltr'>munda.</span> 
     </span>
    </p>
   </div>
   <div class='ocr_carea' id='block_1_10' title="bbox 619 2635 814 2697">
    <p class='ocr_par' dir='ltr' id='par_1_10' title="bbox 619 2635 814 2697">
     <span class='ocr_line' id='line_1_19' title="bbox 619 2635 814 2697; baseline 0.01 -2"><span class='ocrx_word' id='word_1_89' title='bbox 619 2635 672 2696; x_wconf 77' lang='lat' dir='ltr'>Ad</span> <span class='ocrx_word' id='word_1_90' title='bbox 682 2637 814 2697; x_wconf 85' lang='lat' dir='ltr'>casulam.</span> 
     </span>
    </p>
   </div>
   <div class='ocr_carea' id='block_1_11' title="bbox 307 2752 1075 3209">
    <p class='ocr_par' dir='ltr' id='par_1_11' title="bbox 307 2752 1075 3209">
     <span class='ocr_line' id='line_1_20' title="bbox 309 2752 1056 2832; baseline -0.001 -18"><span class='ocrx_word' id='word_1_91' title='bbox 309 2753 392 2832; x_wconf 88' lang='lat' dir='ltr'>Spes,</span> <span class='ocrx_word' id='word_1_92' title='bbox 408 2763 515 2812; x_wconf 87' lang='lat' dir='ltr'>aeterne</span> <span class='ocrx_word' id='word_1_93' title='bbox 529 2752 610 2823; x_wconf 93' lang='lat' dir='ltr'>deus,</span> <span class='ocrx_word' id='word_1_94' title='bbox 624 2762 798 2812; x_wconf 88' lang='lat' dir='ltr'>cunctorum</span> <span class='ocrx_word' id='word_1_95' title='bbox 812 2762 898 2825; x_wconf 90' lang='lat' dir='ltr'>certa,</span> <span class='ocrx_word' id='word_1_96' title='bbox 914 2753 1056 2830; x_wconf 83' lang='lat' dir='ltr'>salusque,</span> 
     </span>
     <span class='ocr_line' id='line_1_21' title="bbox 309 2847 1002 2925; baseline -0.001 -17"><span class='ocrx_word' id='word_1_97' title='bbox 309 2848 358 2908; x_wconf 92' lang='lat' dir='ltr'>Tu</span> <span class='ocrx_word' id='word_1_98' title='bbox 371 2853 561 2907; x_wconf 90' lang='lat' dir='ltr'>memoresto</span> <span class='ocrx_word' id='word_1_99' title='bbox 575 2847 632 2905; x_wconf 90' lang='lat' dir='ltr'>mei</span> <span class='ocrx_word' id='word_1_100' title='bbox 647 2855 710 2906; x_wconf 94' lang='lat' dir='ltr'>toto</span> <span class='ocrx_word' id='word_1_101' title='bbox 724 2855 754 2907; x_wconf 87' lang='lat' dir='ltr'>te</span> <span class='ocrx_word' id='word_1_102' title='bbox 767 2847 856 2906; x_wconf 87' lang='lat' dir='ltr'>corde</span> <span class='ocrx_word' id='word_1_103' title='bbox 869 2848 1002 2925; x_wconf 90' lang='lat' dir='ltr'>petentis,</span> 
     </span>
     <span class='ocr_line' id='line_1_22' title="bbox 307 2940 944 3019; baseline 0 -18"><span class='ocrx_word' id='word_1_104' title='bbox 307 2940 445 3019; x_wconf 86' lang='lat' dir='ltr'>Exequar</span> <span class='ocrx_word' id='word_1_105' title='bbox 458 2951 490 3001; x_wconf 94' lang='lat' dir='ltr'>ut</span> <span class='ocrx_word' id='word_1_106' title='bbox 504 2941 610 3018; x_wconf 91' lang='lat' dir='ltr'>dignus</span> <span class='ocrx_word' id='word_1_107' title='bbox 625 2940 750 3002; x_wconf 90' lang='lat' dir='ltr'>coelestis</span> <span class='ocrx_word' id='word_1_108' title='bbox 764 2941 865 3000; x_wconf 90' lang='lat' dir='ltr'>munia</span> <span class='ocrx_word' id='word_1_109' title='bbox 878 2941 944 3016; x_wconf 83' lang='lat' dir='ltr'>uite.</span> 
     </span>
     <span class='ocr_line' id='line_1_23' title="bbox 309 3035 1075 3113; baseline -0.004 -17"><span class='ocrx_word' id='word_1_110' title='bbox 309 3036 448 3113; x_wconf 88' lang='lat' dir='ltr'>Dumque</span> <span class='ocrx_word' id='word_1_111' title='bbox 461 3035 535 3095; x_wconf 85' lang='lat' dir='ltr'>meis</span> <span class='ocrx_word' id='word_1_112' title='bbox 549 3035 686 3094; x_wconf 89' lang='lat' dir='ltr'>manibus</span> <span class='ocrx_word' id='word_1_113' title='bbox 699 3044 836 3095; x_wconf 90' lang='lat' dir='ltr'>trectator</span> <span class='ocrx_word' id='word_1_114' title='bbox 849 3035 963 3096; x_wconf 87' lang='lat' dir='ltr'>mistica</span> <span class='ocrx_word' id='word_1_115' title='bbox 976 3035 1075 3106; x_wconf 85' lang='lat' dir='ltr'>uirtus,</span> 
     </span>
     <span class='ocr_line' id='line_1_24' title="bbox 310 3129 1021 3209; baseline -0.001 -18"><span class='ocrx_word' id='word_1_116' title='bbox 310 3129 464 3209; x_wconf 86' lang='lat' dir='ltr'>Dispereat</span> <span class='ocrx_word' id='word_1_117' title='bbox 478 3129 616 3208; x_wconf 90' lang='lat' dir='ltr'>quicquid</span> <span class='ocrx_word' id='word_1_118' title='bbox 631 3130 774 3189; x_wconf 86' lang='lat' dir='ltr'>contraxit</span> <span class='ocrx_word' id='word_1_119' title='bbox 788 3129 862 3190; x_wconf 93' lang='lat' dir='ltr'>ordo</span> <span class='ocrx_word' id='word_1_120' title='bbox 876 3138 1021 3190; x_wconf 89' lang='lat' dir='ltr'>ueternus.</span> 
     </span>
    </p>
   </div>
   <div class='ocr_carea' id='block_1_12' title="bbox 593 3265 840 3343">
    <p class='ocr_par' dir='ltr' id='par_1_12' title="bbox 593 3265 840 3343">
     <span class='ocr_line' id='line_1_25' title="bbox 593 3265 840 3343; baseline -0.008 -18"><span class='ocrx_word' id='word_1_121' title='bbox 593 3265 647 3325; x_wconf 78' lang='lat' dir='ltr'>Ad</span> <span class='ocrx_word' id='word_1_122' title='bbox 657 3265 840 3343; x_wconf 59' lang='lat' dir='ltr'>mampulum.</span> 
     </span>
    </p>
   </div>
   <div class='ocr_carea' id='block_1_13' title="bbox 310 3380 1124 3742">
    <p class='ocr_par' dir='ltr' id='par_1_13' title="bbox 310 3380 1124 3742">
     <span class='ocr_line' id='line_1_26' title="bbox 312 3380 1091 3460; baseline -0.003 -18"><span class='ocrx_word' id='word_1_123' title='bbox 312 3381 371 3456; x_wconf 90' lang='lat' dir='ltr'>Qui</span> <span class='ocrx_word' id='word_1_124' title='bbox 385 3399 474 3460; x_wconf 90' lang='lat' dir='ltr'>super</span> <span class='ocrx_word' id='word_1_125' title='bbox 486 3390 563 3441; x_wconf 88' lang='lat' dir='ltr'>astra</span> <span class='ocrx_word' id='word_1_126' title='bbox 577 3380 671 3453; x_wconf 89' lang='lat' dir='ltr'>sedes,</span> <span class='ocrx_word' id='word_1_127' title='bbox 686 3381 737 3460; x_wconf 91' lang='lat' dir='ltr'>qui</span> <span class='ocrx_word' id='word_1_128' title='bbox 751 3383 834 3458; x_wconf 90' lang='lat' dir='ltr'>regni</span> <span class='ocrx_word' id='word_1_129' title='bbox 849 3391 964 3459; x_wconf 89' lang='lat' dir='ltr'>sceptra</span> <span class='ocrx_word' id='word_1_130' title='bbox 977 3382 1091 3454; x_wconf 90' lang='lat' dir='ltr'>tuearis,</span> 
     </span>
     <span class='ocr_line' id='line_1_27' title="bbox 312 3473 1043 3554; baseline -0.001 -18"><span class='ocrx_word' id='word_1_131' title='bbox 312 3476 452 3537; x_wconf 86' lang='lat' dir='ltr'>Summus</span> <span class='ocrx_word' id='word_1_132' title='bbox 466 3473 568 3536; x_wconf 84' lang='lat' dir='ltr'>adesto</span> <span class='ocrx_word' id='word_1_133' title='bbox 582 3475 732 3536; x_wconf 90' lang='lat' dir='ltr'>michimet</span> <span class='ocrx_word' id='word_1_134' title='bbox 745 3484 796 3535; x_wconf 92' lang='lat' dir='ltr'>tua</span> <span class='ocrx_word' id='word_1_135' title='bbox 809 3476 888 3534; x_wconf 87' lang='lat' dir='ltr'>iussa</span> <span class='ocrx_word' id='word_1_136' title='bbox 902 3476 1043 3554; x_wconf 91' lang='lat' dir='ltr'>sequenti.</span> 
     </span>
     <span class='ocr_line' id='line_1_28' title="bbox 313 3568 1124 3648; baseline -0.002 -17"><span class='ocrx_word' id='word_1_137' title='bbox 313 3570 419 3648; x_wconf 82' lang='lat' dir='ltr'>Adque</span> <span class='ocrx_word' id='word_1_138' title='bbox 434 3570 530 3629; x_wconf 89' lang='lat' dir='ltr'>leuam</span> <span class='ocrx_word' id='word_1_139' title='bbox 544 3568 632 3646; x_wconf 93' lang='lat' dir='ltr'>capiti</span> <span class='ocrx_word' id='word_1_140' title='bbox 647 3569 850 3648; x_wconf 84' lang='lat' dir='ltr'>complexibus</span> <span class='ocrx_word' id='word_1_141' title='bbox 864 3569 969 3629; x_wconf 88' lang='lat' dir='ltr'>adhibe</span> <span class='ocrx_word' id='word_1_142' title='bbox 984 3569 1124 3643; x_wconf 86' lang='lat' dir='ltr'>dextram,</span> 
     </span>
     <span class='ocr_line' id='line_1_29' title="bbox 310 3663 965 3742; baseline 0 -17"><span class='ocrx_word' id='word_1_143' title='bbox 310 3665 351 3726; x_wconf 93' lang='lat' dir='ltr'>Ut</span> <span class='ocrx_word' id='word_1_144' title='bbox 362 3664 478 3724; x_wconf 90' lang='lat' dir='ltr'>ualeam</span> <span class='ocrx_word' id='word_1_145' title='bbox 491 3673 572 3723; x_wconf 88' lang='lat' dir='ltr'>casta</span> <span class='ocrx_word' id='word_1_146' title='bbox 585 3663 638 3723; x_wconf 91' lang='lat' dir='ltr'>tibi</span> <span class='ocrx_word' id='word_1_147' title='bbox 651 3664 750 3725; x_wconf 88' lang='lat' dir='ltr'>sistere</span> <span class='ocrx_word' id='word_1_148' title='bbox 764 3674 884 3742; x_wconf 90' lang='lat' dir='ltr'>perpete</span> <span class='ocrx_word' id='word_1_149' title='bbox 898 3665 965 3725; x_wconf 87' lang='lat' dir='ltr'>uita.</span> 
     </span>
    </p>
   </div>
   <div class='ocr_carea' id='block_1_14' title="bbox 355 3836 1080 4016">
    <p class='ocr_par' dir='ltr' id='par_1_14' title="bbox 355 3836 1080 4016">
     <span class='ocr_line' id='line_1_30' title="bbox 355 3836 1080 3919; baseline -0.004 -16"><span class='ocrx_word' id='word_1_150' title='bbox 355 3836 638 3904; x_wconf 68' lang='lat' dir='ltr'>aestuantique</span> <span class='ocrx_word' id='word_1_151' title='bbox 659 3837 690 3900; x_wconf 85' lang='lat' dir='ltr'>tn</span> <span class='ocrx_word' id='word_1_152' title='bbox 710 3837 756 3903; x_wconf 76' lang='lat' dir='ltr'>‚tl</span> <span class='ocrx_word' id='word_1_153' title='bbox 776 3837 905 3919; x_wconf 80' lang='lat' dir='ltr'>ptainttu</span> <span class='ocrx_word' id='word_1_154' title='bbox 925 3852 1023 3919; x_wconf 76' lang='lat' dir='ltr'>usquc</span> <span class='ocrx_word' id='word_1_155' title='bbox 1044 3842 1080 3901; x_wconf 80' lang='lat' dir='ltr'>ab</span> 
     </span>
     <span class='ocr_line' id='line_1_31' title="bbox 535 3933 897 4016; baseline 0.003 -18"><span class='ocrx_word' id='word_1_156' title='bbox 535 3933 705 3998; x_wconf 74' lang='lat' dir='ltr'>tentabant</span> <span class='ocrx_word' id='word_1_157' title='bbox 725 3934 897 4016; x_wconf 77' lang='lat' dir='ltr'>palnatum</span> 
     </span>
    </p>
   </div>
   <div class='ocr_carea' id='block_1_15' title="bbox 273 4066 1170 4431">
    <p class='ocr_par' dir='ltr' id='par_1_15' title="bbox 273 4066 1170 4431">
     <span class='ocr_line' id='line_1_32' title="bbox 311 4066 1170 4140; baseline 0.001 -12"><span class='ocrx_word' id='word_1_158' title='bbox 311 4067 348 4128; x_wconf 91' lang='lat' dir='ltr'>U.</span> <span class='ocrx_word' id='word_1_159' title='bbox 368 4066 408 4126; x_wconf 96' lang='lat' dir='ltr'>D.</span> <span class='ocrx_word' id='word_1_160' title='bbox 430 4083 556 4127; x_wconf 72' lang='lat' dir='ltr'>arruns</span> <span class='ocrx_word' id='word_1_161' title='bbox 578 4085 660 4140; x_wconf 84' lang='lat' dir='ltr'>nnus,</span> <span class='ocrx_word' id='word_1_162' title='bbox 681 4085 737 4126; x_wconf 79' lang='lat' dir='ltr'>run</span> <span class='ocrx_word' id='word_1_163' title='bbox 763 4085 911 4128; x_wconf 81' lang='lat' dir='ltr'>cuursrurr</span> <span class='ocrx_word' id='word_1_164' title='bbox 938 4085 1076 4128; x_wconf 84' lang='lat' dir='ltr'>uouruurr</span> <span class='ocrx_word' id='word_1_165' title='bbox 1103 4086 1170 4129; x_wconf 88' lang='lat' dir='ltr'>uos-</span> 
     </span>
     <span class='ocr_line' id='line_1_33' title="bbox 273 4159 1167 4240; baseline 0 -18"><span class='ocrx_word' id='word_1_166' title='bbox 273 4181 362 4224; x_wconf 83' lang='lat' dir='ltr'>rrtmr.</span> <span class='ocrx_word' id='word_1_167' title='bbox 403 4161 465 4235; x_wconf 94' lang='lat' dir='ltr'>Qui</span> <span class='ocrx_word' id='word_1_168' title='bbox 478 4179 534 4240; x_wconf 90' lang='lat' dir='ltr'>pro</span> <span class='ocrx_word' id='word_1_169' title='bbox 547 4161 635 4220; x_wconf 90' lang='lat' dir='ltr'>nobis</span> <span class='ocrx_word' id='word_1_170' title='bbox 650 4171 750 4236; x_wconf 81' lang='lat' dir='ltr'>eterno</span> <span class='ocrx_word' id='word_1_171' title='bbox 764 4161 838 4238; x_wconf 91' lang='lat' dir='ltr'>patri</span> <span class='ocrx_word' id='word_1_172' title='bbox 852 4160 916 4220; x_wconf 87' lang='lat' dir='ltr'>adae</span> <span class='ocrx_word' id='word_1_173' title='bbox 929 4159 1059 4220; x_wconf 89' lang='lat' dir='ltr'>debitum</span> <span class='ocrx_word' id='word_1_174' title='bbox 1074 4161 1167 4234; x_wconf 89' lang='lat' dir='ltr'>soluit,</span> 
     </span>
     <span class='ocr_line' id='line_1_34' title="bbox 273 4255 1169 4334; baseline -0.002 -16"><span class='ocrx_word' id='word_1_175' title='bbox 273 4268 302 4317; x_wconf 83' lang='lat' dir='ltr'>et</span> <span class='ocrx_word' id='word_1_176' title='bbox 315 4257 421 4318; x_wconf 89' lang='lat' dir='ltr'>ueteris</span> <span class='ocrx_word' id='word_1_177' title='bbox 441 4255 549 4334; x_wconf 88' lang='lat' dir='ltr'>piaculi</span> <span class='ocrx_word' id='word_1_178' title='bbox 569 4255 734 4316; x_wconf 89' lang='lat' dir='ltr'>cautionem</span> <span class='ocrx_word' id='word_1_179' title='bbox 752 4257 803 4333; x_wconf 92' lang='lat' dir='ltr'>pio</span> <span class='ocrx_word' id='word_1_180' title='bbox 824 4271 926 4315; x_wconf 88' lang='lat' dir='ltr'>cruore</span> <span class='ocrx_word' id='word_1_181' title='bbox 948 4255 1073 4315; x_wconf 86' lang='lat' dir='ltr'>detersit.</span> <span class='ocrx_word' id='word_1_182' title='bbox 1113 4255 1169 4316; x_wconf 91' lang='lat' dir='ltr'>Per</span> 
     </span>
     <span class='ocr_line' id='line_1_35' title="bbox 273 4352 564 4431; baseline 0 -19"><span class='ocrx_word' id='word_1_183' title='bbox 273 4370 360 4431; x_wconf 90' lang='lat' dir='ltr'>quem</span> <span class='ocrx_word' id='word_1_184' title='bbox 373 4352 564 4412; x_wconf 89' lang='lat' dir='ltr'>maiestatem.</span> 
     </span>
    </p>
   </div>
   <div class='ocr_carea' id='block_1_16' title="bbox 475 4488 948 4570">
    <p class='ocr_par' dir='ltr' id='par_1_16' title="bbox 475 4488 948 4570">
     <span class='ocr_line' id='line_1_36' title="bbox 475 4488 948 4570; baseline -0.006 -14"><span class='ocrx_word' id='word_1_185' title='bbox 475 4489 611 4556; x_wconf 69' lang='lat' dir='ltr'>oquae</span> <span class='ocrx_word' id='word_1_186' title='bbox 625 4488 675 4554; x_wconf 77' lang='lat' dir='ltr'>sti</span> <span class='ocrx_word' id='word_1_187' title='bbox 690 4492 799 4554; x_wconf 74' lang='lat' dir='ltr'>samaa</span> <span class='ocrx_word' id='word_1_188' title='bbox 813 4489 948 4570; x_wconf 77' lang='lat' dir='ltr'>apustdt.</span> 
     </span>
    </p>
   </div>
   <div class='ocr_carea' id='block_1_17' title="bbox 272 4596 1170 4865">
    <p class='ocr_par' dir='ltr' id='par_1_17' title="bbox 272 4596 1170 4865">
     <span class='ocr_line' id='line_1_37' title="bbox 313 4596 1170 4676; baseline -0.002 -19"><span class='ocrx_word' id='word_1_189' title='bbox 313 4598 454 4676; x_wconf 87' lang='lat' dir='ltr'>Protegat</span> <span class='ocrx_word' id='word_1_190' title='bbox 473 4615 538 4670; x_wconf 89' lang='lat' dir='ltr'>nos,</span> <span class='ocrx_word' id='word_1_191' title='bbox 557 4596 685 4670; x_wconf 90' lang='lat' dir='ltr'>domine,</span> <span class='ocrx_word' id='word_1_192' title='bbox 700 4597 797 4674; x_wconf 89' lang='lat' dir='ltr'>sepius</span> <span class='ocrx_word' id='word_1_193' title='bbox 817 4597 895 4658; x_wconf 90' lang='lat' dir='ltr'>beati</span> <span class='ocrx_word' id='word_1_194' title='bbox 916 4596 1023 4673; x_wconf 70' lang='lat' dir='ltr'>andree</span> <span class='ocrx_word' id='word_1_195' title='bbox 1044 4596 1170 4675; x_wconf 89' lang='lat' dir='ltr'>apostoli</span> 
     </span>
     <span class='ocr_line' id='line_1_38' title="bbox 273 4691 1168 4771; baseline 0 -19"><span class='ocrx_word' id='word_1_196' title='bbox 273 4695 393 4771; x_wconf 88' lang='lat' dir='ltr'>repetita</span> <span class='ocrx_word' id='word_1_197' title='bbox 406 4693 614 4771; x_wconf 88' lang='lat' dir='ltr'>sollempnitas,</span> <span class='ocrx_word' id='word_1_198' title='bbox 629 4701 661 4750; x_wconf 93' lang='lat' dir='ltr'>ut</span> <span class='ocrx_word' id='word_1_199' title='bbox 675 4692 757 4753; x_wconf 90' lang='lat' dir='ltr'>culus</span> <span class='ocrx_word' id='word_1_200' title='bbox 778 4691 939 4770; x_wconf 91' lang='lat' dir='ltr'>patrocinia</span> <span class='ocrx_word' id='word_1_201' title='bbox 953 4693 1014 4752; x_wconf 89' lang='lat' dir='ltr'>sine</span> <span class='ocrx_word' id='word_1_202' title='bbox 1028 4691 1168 4752; x_wconf 89' lang='lat' dir='ltr'>intermis-</span> 
     </span>
     <span class='ocr_line' id='line_1_39' title="bbox 272 4785 1168 4865; baseline -0.002 -18"><span class='ocrx_word' id='word_1_203' title='bbox 272 4787 352 4848; x_wconf 86' lang='lat' dir='ltr'>sione</span> <span class='ocrx_word' id='word_1_204' title='bbox 379 4787 546 4861; x_wconf 89' lang='lat' dir='ltr'>recolimus,</span> <span class='ocrx_word' id='word_1_205' title='bbox 574 4794 744 4865; x_wconf 87' lang='lat' dir='ltr'>perpetuam</span> <span class='ocrx_word' id='word_1_206' title='bbox 773 4785 973 4846; x_wconf 76' lang='lat' dir='ltr'>defensionem</span> <span class='ocrx_word' id='word_1_207' title='bbox 1002 4786 1168 4846; x_wconf 87' lang='lat' dir='ltr'>sentiamus.</span> 
     </span>
    </p>
   </div>
   <div class='ocr_carea' id='block_1_18' title="bbox 270 4879 777 5022">
    <p class='ocr_par' dir='ltr' id='par_1_18' title="bbox 270 4879 777 5022">
     <span class='ocr_line' id='line_1_40' title="bbox 270 4879 332 4941; baseline 0.016 -2"><span class='ocrx_word' id='word_1_208' title='bbox 270 4879 332 4941; x_wconf 93' lang='lat' dir='ltr'>Per.</span> 
     </span>
     <span class='ocr_line' id='line_1_41' title="bbox 657 4961 777 5022; baseline 0 0"><span class='ocrx_word' id='word_1_209' title='bbox 657 4961 777 5022; x_wconf 78' lang='lat' dir='ltr'>Secreta.</span> 
     </span>
    </p>
   </div>
   <div class='ocr_carea' id='block_1_19' title="bbox 311 5059 1168 5139">
    <p class='ocr_par' dir='ltr' id='par_1_19' title="bbox 311 5059 1168 5139">
     <span class='ocr_line' id='line_1_42' title="bbox 311 5059 1168 5139; baseline -0.002 -19"><span class='ocrx_word' id='word_1_210' title='bbox 311 5060 527 5139; x_wconf 88' lang='lat' dir='ltr'>Indulgentiam</span> <span class='ocrx_word' id='word_1_211' title='bbox 536 5061 631 5134; x_wconf 90' lang='lat' dir='ltr'>nobis,</span> <span class='ocrx_word' id='word_1_212' title='bbox 643 5060 772 5133; x_wconf 91' lang='lat' dir='ltr'>domine,</span> <span class='ocrx_word' id='word_1_213' title='bbox 786 5077 954 5138; x_wconf 87' lang='lat' dir='ltr'>quesumus,</span> <span class='ocrx_word' id='word_1_214' title='bbox 965 5059 1106 5137; x_wconf 91' lang='lat' dir='ltr'>prebeant</span> <span class='ocrx_word' id='word_1_215' title='bbox 1113 5059 1168 5136; x_wconf 78' lang='lat' dir='ltr'>hec</span> 
     </span>
    </p>
   </div>
   <div class='ocr_carea' id='block_1_20' title="bbox 271 5298 434 5368">
    <p class='ocr_par' dir='ltr' id='par_1_20' title="bbox 271 5298 434 5368">
     <span class='ocr_line' id='line_1_43' title="bbox 271 5298 434 5368; baseline -0.006 -2"><span class='ocrx_word' id='word_1_216' title='bbox 271 5298 296 5348; x_wconf 77' lang='lat' dir='ltr'>a</span> <span class='ocrx_word' id='word_1_217' title='bbox 341 5302 434 5368; x_wconf 71' lang='lat' dir='ltr'>nsrt·</span> 
     </span>
    </p>
   </div>
   <div class='ocr_carea' id='block_1_21' title="bbox 1596 592 2115 689">
    <p class='ocr_par' dir='ltr' id='par_1_21' title="bbox 1596 592 2115 689">
     <span class='ocr_line' id='line_1_44' title="bbox 1596 592 2115 689; baseline 0 -21"><span class='ocrx_word' id='word_1_218' title='bbox 1596 592 1764 685; x_wconf 61' lang='lat' dir='ltr'>prsnloe.</span> <span class='ocrx_word' id='word_1_219' title='bbox 2069 615 2115 689; x_wconf 85' lang='lat'>59</span> 
     </span>
    </p>
   </div>
   <div class='ocr_carea' id='block_1_22' title="bbox 1217 777 2117 934">
    <p class='ocr_par' dir='ltr' id='par_1_22' title="bbox 1217 777 2117 934">
     <span class='ocr_line' id='line_1_45' title="bbox 1218 777 2117 859; baseline 0.003 -21"><span class='ocrx_word' id='word_1_220' title='bbox 1218 795 1339 838; x_wconf 89' lang='lat' dir='ltr'>munera</span> <span class='ocrx_word' id='word_1_221' title='bbox 1366 777 1529 856; x_wconf 82' lang='lat' dir='ltr'>largiorem,</span> <span class='ocrx_word' id='word_1_222' title='bbox 1553 796 1612 856; x_wconf 75' lang='lat' dir='ltr'>que</span> <span class='ocrx_word' id='word_1_223' title='bbox 1639 777 1812 840; x_wconf 89' lang='lat' dir='ltr'>uenerabilis</span> <span class='ocrx_word' id='word_1_224' title='bbox 1838 779 1947 856; x_wconf 75' lang='lat' dir='ltr'>andree</span> <span class='ocrx_word' id='word_1_225' title='bbox 1974 781 2117 859; x_wconf 82' lang='lat' dir='ltr'>suffragiis</span> 
     </span>
     <span class='ocr_line' id='line_1_46' title="bbox 1217 871 1493 934; baseline -0.004 -1"><span class='ocrx_word' id='word_1_226' title='bbox 1217 873 1387 934; x_wconf 87' lang='lat' dir='ltr'>offeruntur.</span> <span class='ocrx_word' id='word_1_227' title='bbox 1428 871 1493 932; x_wconf 92' lang='lat' dir='ltr'>Per.</span> 
     </span>
    </p>
   </div>
   <div class='ocr_carea' id='block_1_23' title="bbox 1257 1003 1781 1182">
    <p class='ocr_par' dir='ltr' id='par_1_23' title="bbox 1257 1003 1781 1182">
     <span class='ocr_line' id='line_1_47' title="bbox 1553 1003 1781 1064; baseline 0.004 -1"><span class='ocrx_word' id='word_1_228' title='bbox 1553 1003 1781 1064; x_wconf 70' lang='lat' dir='ltr'>postcommum.</span> 
     </span>
     <span class='ocr_line' id='line_1_48' title="bbox 1257 1118 1738 1182; baseline -0.004 -4"><span class='ocrx_word' id='word_1_229' title='bbox 1257 1119 1384 1182; x_wconf 90' lang='lat' dir='ltr'>Adiuuet</span> <span class='ocrx_word' id='word_1_230' title='bbox 1397 1118 1551 1180; x_wconf 88' lang='lat' dir='ltr'>ecclesiam</span> <span class='ocrx_word' id='word_1_231' title='bbox 1564 1127 1644 1178; x_wconf 90' lang='lat' dir='ltr'>tuam</span> <span class='ocrx_word' id='word_1_232' title='bbox 1658 1120 1738 1179; x_wconf 73' lang='lat' dir='ltr'>tibia</span> 
     </span>
    </p>
   </div>
   <div class='ocr_carea' id='block_1_24' title="bbox 1523 1292 1800 1380">
    <p class='ocr_par' dir='ltr' id='par_1_24' title="bbox 1523 1292 1800 1380">
     <span class='ocr_line' id='line_1_49' title="bbox 1523 1292 1800 1380; baseline 0 -20"><span class='ocrx_word' id='word_1_233' title='bbox 1523 1293 1679 1380; x_wconf 78' lang='lat' dir='ltr'>[ffpfstula</span> <span class='ocrx_word' id='word_1_234' title='bbox 1693 1292 1800 1380; x_wconf 60' lang='lat' dir='ltr'>auam]</span> 
     </span>
    </p>
   </div>
   <div class='ocr_carea' id='block_1_25' title="bbox 1218 1397 2119 2994">
    <p class='ocr_par' dir='ltr' id='par_1_25' title="bbox 1218 1397 2119 2994">
     <span class='ocr_line' id='line_1_50' title="bbox 1259 1397 2116 1486; baseline 0.006 -24"><span class='ocrx_word' id='word_1_235' title='bbox 1259 1397 1423 1486; x_wconf 88' lang='lat' dir='ltr'>L[eofrico]</span> <span class='ocrx_word' id='word_1_236' title='bbox 1444 1403 1536 1481; x_wconf 89' lang='lat' dir='ltr'>gratia</span> <span class='ocrx_word' id='word_1_237' title='bbox 1560 1404 1607 1464; x_wconf 87' lang='lat' dir='ltr'>dei</span> <span class='ocrx_word' id='word_1_238' title='bbox 1629 1405 1769 1483; x_wconf 90' lang='lat' dir='ltr'>episcopo</span> <span class='ocrx_word' id='word_1_239' title='bbox 1798 1404 1900 1478; x_wconf 83' lang='lat' dir='ltr'>Adela,</span> <span class='ocrx_word' id='word_1_240' title='bbox 1924 1404 1972 1465; x_wconf 93' lang='lat' dir='ltr'>dei</span> <span class='ocrx_word' id='word_1_241' title='bbox 1998 1405 2116 1478; x_wconf 85' lang='lat' dir='ltr'>famula,</span> 
     </span>
     <span class='ocr_line' id='line_1_51' title="bbox 1218 1498 2117 1578; baseline 0.006 -22"><span class='ocrx_word' id='word_1_242' title='bbox 1218 1499 1356 1576; x_wconf 92' lang='lat' dir='ltr'>quicquid</span> <span class='ocrx_word' id='word_1_243' title='bbox 1383 1498 1488 1559; x_wconf 90' lang='lat' dir='ltr'>melius</span> <span class='ocrx_word' id='word_1_244' title='bbox 1515 1499 1546 1558; x_wconf 93' lang='lat' dir='ltr'>in</span> <span class='ocrx_word' id='word_1_245' title='bbox 1574 1499 1706 1560; x_wconf 90' lang='lat' dir='ltr'>domino.</span> <span class='ocrx_word' id='word_1_246' title='bbox 1747 1499 1829 1578; x_wconf 93' lang='lat' dir='ltr'>Opto</span> <span class='ocrx_word' id='word_1_247' title='bbox 1850 1517 1898 1560; x_wconf 90' lang='lat' dir='ltr'>me</span> <span class='ocrx_word' id='word_1_248' title='bbox 1919 1499 1982 1560; x_wconf 85' lang='lat' dir='ltr'>fore</span> <span class='ocrx_word' id='word_1_249' title='bbox 2002 1500 2033 1561; x_wconf 92' lang='lat' dir='ltr'>in</span> <span class='ocrx_word' id='word_1_250' title='bbox 2060 1503 2117 1561; x_wconf 91' lang='lat' dir='ltr'>tuis</span> 
     </span>
     <span class='ocr_line' id='line_1_52' title="bbox 1218 1593 2116 1665; baseline 0.003 -13"><span class='ocrx_word' id='word_1_251' title='bbox 1218 1594 1326 1653; x_wconf 90' lang='lat' dir='ltr'>sanctis</span> <span class='ocrx_word' id='word_1_252' title='bbox 1354 1593 1541 1665; x_wconf 88' lang='lat' dir='ltr'>orationibus,</span> <span class='ocrx_word' id='word_1_253' title='bbox 1564 1602 1595 1654; x_wconf 92' lang='lat' dir='ltr'>ut</span> <span class='ocrx_word' id='word_1_254' title='bbox 1617 1603 1649 1654; x_wconf 94' lang='lat' dir='ltr'>tu</span> <span class='ocrx_word' id='word_1_255' title='bbox 1674 1594 1713 1653; x_wconf 91' lang='lat' dir='ltr'>sis</span> <span class='ocrx_word' id='word_1_256' title='bbox 1739 1595 1771 1654; x_wconf 92' lang='lat' dir='ltr'>in</span> <span class='ocrx_word' id='word_1_257' title='bbox 1798 1595 1881 1654; x_wconf 89' lang='lat' dir='ltr'>meis.</span> <span class='ocrx_word' id='word_1_258' title='bbox 1922 1594 2037 1655; x_wconf 92' lang='lat' dir='ltr'>Idcirco</span> <span class='ocrx_word' id='word_1_259' title='bbox 2065 1596 2116 1655; x_wconf 92' lang='lat' dir='ltr'>tibi</span> 
     </span>
     <span class='ocr_line' id='line_1_53' title="bbox 1218 1686 2117 1766; baseline 0.002 -20"><span class='ocrx_word' id='word_1_260' title='bbox 1218 1687 1327 1748; x_wconf 87' lang='lat' dir='ltr'>mando</span> <span class='ocrx_word' id='word_1_261' title='bbox 1349 1687 1386 1748; x_wconf 91' lang='lat' dir='ltr'>de</span> <span class='ocrx_word' id='word_1_262' title='bbox 1406 1686 1592 1762; x_wconf 81' lang='lat' dir='ltr'>fraternitate,</span> <span class='ocrx_word' id='word_1_263' title='bbox 1608 1697 1696 1766; x_wconf 92' lang='lat' dir='ltr'>atque</span> <span class='ocrx_word' id='word_1_264' title='bbox 1717 1690 1927 1750; x_wconf 90' lang='lat' dir='ltr'>communione</span> <span class='ocrx_word' id='word_1_265' title='bbox 1948 1700 2117 1750; x_wconf 90' lang='lat' dir='ltr'>sanctorum</span> 
     </span>
     <span class='ocr_line' id='line_1_54' title="bbox 1218 1783 2117 1863; baseline 0.002 -21"><span class='ocrx_word' id='word_1_266' title='bbox 1218 1783 1359 1855; x_wconf 91' lang='lat' dir='ltr'>omnium,</span> <span class='ocrx_word' id='word_1_267' title='bbox 1373 1783 1403 1841; x_wconf 92' lang='lat' dir='ltr'>in</span> <span class='ocrx_word' id='word_1_268' title='bbox 1417 1800 1476 1859; x_wconf 91' lang='lat' dir='ltr'>qua</span> <span class='ocrx_word' id='word_1_269' title='bbox 1494 1784 1582 1861; x_wconf 91' lang='lat' dir='ltr'>cupio</span> <span class='ocrx_word' id='word_1_270' title='bbox 1602 1794 1635 1844; x_wconf 95' lang='lat' dir='ltr'>ut</span> <span class='ocrx_word' id='word_1_271' title='bbox 1657 1784 1704 1857; x_wconf 91' lang='lat' dir='ltr'>sis,</span> <span class='ocrx_word' id='word_1_272' title='bbox 1726 1783 1809 1844; x_wconf 91' lang='lat' dir='ltr'>sicuti</span> <span class='ocrx_word' id='word_1_273' title='bbox 1823 1803 1888 1862; x_wconf 89' lang='lat' dir='ltr'>ego.</span> <span class='ocrx_word' id='word_1_274' title='bbox 1931 1783 2045 1846; x_wconf 89' lang='lat' dir='ltr'>Omnes</span> <span class='ocrx_word' id='word_1_275' title='bbox 2066 1786 2117 1863; x_wconf 93' lang='lat' dir='ltr'>qui</span> 
     </span>
     <span class='ocr_line' id='line_1_55' title="bbox 1218 1876 2117 1956; baseline 0.002 -19"><span class='ocrx_word' id='word_1_276' title='bbox 1218 1896 1253 1937; x_wconf 90' lang='lat' dir='ltr'>ea</span> <span class='ocrx_word' id='word_1_277' title='bbox 1267 1879 1347 1936; x_wconf 93' lang='lat' dir='ltr'>bona</span> <span class='ocrx_word' id='word_1_278' title='bbox 1360 1876 1520 1936; x_wconf 90' lang='lat' dir='ltr'>intentione</span> <span class='ocrx_word' id='word_1_279' title='bbox 1534 1886 1690 1956; x_wconf 90' lang='lat' dir='ltr'>menteque</span> <span class='ocrx_word' id='word_1_280' title='bbox 1705 1888 1829 1950; x_wconf 89' lang='lat' dir='ltr'>utantur,</span> <span class='ocrx_word' id='word_1_281' title='bbox 1844 1887 1932 1956; x_wconf 89' lang='lat' dir='ltr'>atque</span> <span class='ocrx_word' id='word_1_282' title='bbox 1950 1879 1990 1938; x_wconf 90' lang='lat' dir='ltr'>ita</span> <span class='ocrx_word' id='word_1_283' title='bbox 2010 1879 2041 1937; x_wconf 92' lang='lat' dir='ltr'>in</span> <span class='ocrx_word' id='word_1_284' title='bbox 2059 1879 2117 1940; x_wconf 87' lang='lat' dir='ltr'>fine</span> 
     </span>
     <span class='ocr_line' id='line_1_56' title="bbox 1219 1972 2116 2051; baseline 0.002 -21"><span class='ocrx_word' id='word_1_285' title='bbox 1219 1972 1275 2031; x_wconf 92' lang='lat' dir='ltr'>sint</span> <span class='ocrx_word' id='word_1_286' title='bbox 1284 1979 1510 2049; x_wconf 85' lang='lat' dir='ltr'>perseuerantes,</span> <span class='ocrx_word' id='word_1_287' title='bbox 1521 1981 1553 2032; x_wconf 93' lang='lat' dir='ltr'>ut</span> <span class='ocrx_word' id='word_1_288' title='bbox 1563 1972 1643 2033; x_wconf 90' lang='lat' dir='ltr'>nullo</span> <span class='ocrx_word' id='word_1_289' title='bbox 1654 1972 1745 2033; x_wconf 90' lang='lat' dir='ltr'>modo</span> <span class='ocrx_word' id='word_1_290' title='bbox 1757 1991 1793 2032; x_wconf 85' lang='lat' dir='ltr'>ex</span> <span class='ocrx_word' id='word_1_291' title='bbox 1804 1972 1869 2051; x_wconf 91' lang='lat' dir='ltr'>ipsa</span> <span class='ocrx_word' id='word_1_292' title='bbox 1878 1973 1935 2032; x_wconf 91' lang='lat' dir='ltr'>sint</span> <span class='ocrx_word' id='word_1_293' title='bbox 1946 1972 2116 2043; x_wconf 89' lang='lat' dir='ltr'>diffidentes,</span> 
     </span>
     <span class='ocr_line' id='line_1_57' title="bbox 1219 2065 2118 2147; baseline 0.004 -23"><span class='ocrx_word' id='word_1_294' title='bbox 1219 2066 1329 2144; x_wconf 87' lang='lat' dir='ltr'>absque</span> <span class='ocrx_word' id='word_1_295' title='bbox 1340 2065 1429 2126; x_wconf 92' lang='lat' dir='ltr'>dubio</span> <span class='ocrx_word' id='word_1_296' title='bbox 1441 2066 1601 2128; x_wconf 88' lang='lat' dir='ltr'>coheredes</span> <span class='ocrx_word' id='word_1_297' title='bbox 1613 2068 1718 2128; x_wconf 89' lang='lat' dir='ltr'>fuerint</span> <span class='ocrx_word' id='word_1_298' title='bbox 1729 2067 1775 2128; x_wconf 91' lang='lat' dir='ltr'>dei</span> <span class='ocrx_word' id='word_1_299' title='bbox 1787 2086 1888 2145; x_wconf 87' lang='lat' dir='ltr'>regno.</span> <span class='ocrx_word' id='word_1_300' title='bbox 1910 2066 2118 2147; x_wconf 83' lang='lat' dir='ltr'>Unusquisque</span> 
     </span>
     <span class='ocr_line' id='line_1_58' title="bbox 1218 2159 2117 2242; baseline 0.004 -22"><span class='ocrx_word' id='word_1_301' title='bbox 1218 2162 1296 2220; x_wconf 89' lang='lat' dir='ltr'>enim</span> <span class='ocrx_word' id='word_1_302' title='bbox 1310 2159 1410 2233; x_wconf 89' lang='lat' dir='ltr'>fidelis,</span> <span class='ocrx_word' id='word_1_303' title='bbox 1426 2161 1476 2238; x_wconf 92' lang='lat' dir='ltr'>qui</span> <span class='ocrx_word' id='word_1_304' title='bbox 1494 2162 1525 2220; x_wconf 92' lang='lat' dir='ltr'>in</span> <span class='ocrx_word' id='word_1_305' title='bbox 1544 2180 1580 2222; x_wconf 89' lang='lat' dir='ltr'>ea</span> <span class='ocrx_word' id='word_1_306' title='bbox 1600 2164 1680 2240; x_wconf 93' lang='lat' dir='ltr'>cupit</span> <span class='ocrx_word' id='word_1_307' title='bbox 1700 2164 1814 2236; x_wconf 87' lang='lat' dir='ltr'>intrare,</span> <span class='ocrx_word' id='word_1_308' title='bbox 1830 2164 1917 2223; x_wconf 89' lang='lat' dir='ltr'>debet</span> <span class='ocrx_word' id='word_1_309' title='bbox 1931 2182 1985 2242; x_wconf 89' lang='lat' dir='ltr'>pro</span> <span class='ocrx_word' id='word_1_310' title='bbox 1999 2164 2075 2224; x_wconf 88' lang='lat' dir='ltr'>uiuis</span> <span class='ocrx_word' id='word_1_311' title='bbox 2088 2175 2117 2224; x_wconf 89' lang='lat' dir='ltr'>et</span> 
     </span>
     <span class='ocr_line' id='line_1_59' title="bbox 1218 2255 2117 2336; baseline 0.003 -21"><span class='ocrx_word' id='word_1_312' title='bbox 1218 2255 1363 2316; x_wconf 90' lang='lat' dir='ltr'>defunctis</span> <span class='ocrx_word' id='word_1_313' title='bbox 1387 2275 1425 2316; x_wconf 77' lang='lat' dir='ltr'>ar.</span> <span class='ocrx_word' id='word_1_314' title='bbox 1451 2256 1587 2335; x_wconf 88' lang='lat' dir='ltr'>psalteria</span> <span class='ocrx_word' id='word_1_315' title='bbox 1614 2257 1778 2329; x_wconf 88' lang='lat' dir='ltr'>decantare,</span> <span class='ocrx_word' id='word_1_316' title='bbox 1798 2266 1828 2316; x_wconf 91' lang='lat' dir='ltr'>et</span> <span class='ocrx_word' id='word_1_317' title='bbox 1856 2257 2001 2336; x_wconf 90' lang='lat' dir='ltr'>psalmum</span> <span class='ocrx_word' id='word_1_318' title='bbox 2026 2259 2117 2318; x_wconf 89' lang='lat' dir='ltr'>‘deus</span> 
     </span>
     <span class='ocr_line' id='line_1_60' title="bbox 1218 2350 2117 2424; baseline 0.006 -16"><span class='ocrx_word' id='word_1_319' title='bbox 1218 2351 1387 2410; x_wconf 88' lang='lat' dir='ltr'>misereatur</span> <span class='ocrx_word' id='word_1_320' title='bbox 1399 2350 1509 2410; x_wconf 89' lang='lat' dir='ltr'>nostri’</span> <span class='ocrx_word' id='word_1_321' title='bbox 1523 2351 1630 2411; x_wconf 89' lang='lat' dir='ltr'>cotidie</span> <span class='ocrx_word' id='word_1_322' title='bbox 1644 2353 1761 2424; x_wconf 91' lang='lat' dir='ltr'>usitare,</span> <span class='ocrx_word' id='word_1_323' title='bbox 1775 2360 1804 2411; x_wconf 91' lang='lat' dir='ltr'>et</span> <span class='ocrx_word' id='word_1_324' title='bbox 1818 2352 1848 2410; x_wconf 93' lang='lat' dir='ltr'>in</span> <span class='ocrx_word' id='word_1_325' title='bbox 1863 2351 1934 2412; x_wconf 86' lang='lat' dir='ltr'>feria</span> <span class='ocrx_word' id='word_1_326' title='bbox 1948 2353 1983 2412; x_wconf 93' lang='lat' dir='ltr'>.ii.</span> <span class='ocrx_word' id='word_1_327' title='bbox 1997 2353 2117 2413; x_wconf 89' lang='lat' dir='ltr'>missam</span> 
     </span>
     <span class='ocr_line' id='line_1_61' title="bbox 1219 2444 2119 2523; baseline 0.003 -21"><span class='ocrx_word' id='word_1_328' title='bbox 1219 2462 1274 2521; x_wconf 94' lang='lat' dir='ltr'>pro</span> <span class='ocrx_word' id='word_1_329' title='bbox 1295 2444 1449 2516; x_wconf 90' lang='lat' dir='ltr'>defunctis,</span> <span class='ocrx_word' id='word_1_330' title='bbox 1465 2455 1493 2504; x_wconf 91' lang='lat' dir='ltr'>et</span> <span class='ocrx_word' id='word_1_331' title='bbox 1508 2445 1539 2504; x_wconf 91' lang='lat' dir='ltr'>in</span> <span class='ocrx_word' id='word_1_332' title='bbox 1554 2445 1598 2504; x_wconf 84' lang='lat' dir='ltr'>.vi.</span> <span class='ocrx_word' id='word_1_333' title='bbox 1613 2445 1684 2505; x_wconf 88' lang='lat' dir='ltr'>feria</span> <span class='ocrx_word' id='word_1_334' title='bbox 1701 2446 1823 2506; x_wconf 91' lang='lat' dir='ltr'>missam</span> <span class='ocrx_word' id='word_1_335' title='bbox 1844 2464 1899 2523; x_wconf 92' lang='lat' dir='ltr'>pro</span> <span class='ocrx_word' id='word_1_336' title='bbox 1916 2445 1998 2508; x_wconf 91' lang='lat' dir='ltr'>uiuis.</span> <span class='ocrx_word' id='word_1_337' title='bbox 2041 2445 2119 2506; x_wconf 91' lang='lat' dir='ltr'>Etsi</span> 
     </span>
     <span class='ocr_line' id='line_1_62' title="bbox 1219 2539 2118 2616; baseline 0.006 -19"><span class='ocrx_word' id='word_1_338' title='bbox 1219 2539 1284 2616; x_wconf 93' lang='lat' dir='ltr'>quis</span> <span class='ocrx_word' id='word_1_339' title='bbox 1298 2557 1335 2598; x_wconf 85' lang='lat' dir='ltr'>ex</span> <span class='ocrx_word' id='word_1_340' title='bbox 1349 2539 1394 2599; x_wconf 90' lang='lat' dir='ltr'>his</span> <span class='ocrx_word' id='word_1_341' title='bbox 1408 2539 1541 2600; x_wconf 89' lang='lat' dir='ltr'>fratribus</span> <span class='ocrx_word' id='word_1_342' title='bbox 1555 2539 1612 2600; x_wconf 90' lang='lat' dir='ltr'>hoc</span> <span class='ocrx_word' id='word_1_343' title='bbox 1632 2541 1740 2600; x_wconf 88' lang='lat' dir='ltr'>saeculo</span> <span class='ocrx_word' id='word_1_344' title='bbox 1760 2540 1844 2600; x_wconf 92' lang='lat' dir='ltr'>fuerit</span> <span class='ocrx_word' id='word_1_345' title='bbox 1859 2540 1982 2612; x_wconf 91' lang='lat' dir='ltr'>functus,</span> <span class='ocrx_word' id='word_1_346' title='bbox 1998 2541 2118 2602; x_wconf 88' lang='lat' dir='ltr'>missam</span> 
     </span>
     <span class='ocr_line' id='line_1_63' title="bbox 1220 2633 2119 2712; baseline 0.003 -20"><span class='ocrx_word' id='word_1_347' title='bbox 1220 2633 1326 2692; x_wconf 90' lang='lat' dir='ltr'>cotidie</span> <span class='ocrx_word' id='word_1_348' title='bbox 1340 2651 1394 2710; x_wconf 94' lang='lat' dir='ltr'>pro</span> <span class='ocrx_word' id='word_1_349' title='bbox 1409 2651 1445 2693; x_wconf 91' lang='lat' dir='ltr'>eo</span> <span class='ocrx_word' id='word_1_350' title='bbox 1459 2633 1534 2692; x_wconf 87' lang='lat' dir='ltr'>infra</span> <span class='ocrx_word' id='word_1_351' title='bbox 1548 2653 1626 2694; x_wconf 66' lang='lat' dir='ltr'>axx.</span> <span class='ocrx_word' id='word_1_352' title='bbox 1642 2635 1705 2694; x_wconf 91' lang='lat' dir='ltr'>dies</span> <span class='ocrx_word' id='word_1_353' title='bbox 1718 2644 1835 2712; x_wconf 88' lang='lat' dir='ltr'>oportet</span> <span class='ocrx_word' id='word_1_354' title='bbox 1850 2635 1995 2695; x_wconf 85' lang='lat' dir='ltr'>celebrari</span> <span class='ocrx_word' id='word_1_355' title='bbox 2028 2635 2119 2708; x_wconf 92' lang='lat' dir='ltr'>Quod</span> 
     </span>
     <span class='ocr_line' id='line_1_64' title="bbox 1219 2728 2118 2807; baseline 0.003 -21"><span class='ocrx_word' id='word_1_356' title='bbox 1219 2745 1255 2786; x_wconf 85' lang='lat' dir='ltr'>ex</span> <span class='ocrx_word' id='word_1_357' title='bbox 1270 2728 1445 2788; x_wconf 85' lang='lat' dir='ltr'>beatissimis</span> <span class='ocrx_word' id='word_1_358' title='bbox 1463 2728 1603 2806; x_wconf 90' lang='lat' dir='ltr'>patribus,</span> <span class='ocrx_word' id='word_1_359' title='bbox 1618 2729 1727 2789; x_wconf 89' lang='lat' dir='ltr'>scilicet</span> <span class='ocrx_word' id='word_1_360' title='bbox 1746 2729 1860 2789; x_wconf 90' lang='lat' dir='ltr'>ricardo</span> <span class='ocrx_word' id='word_1_361' title='bbox 1880 2738 1968 2807; x_wconf 90' lang='lat' dir='ltr'>atque</span> <span class='ocrx_word' id='word_1_362' title='bbox 1989 2730 2118 2790; x_wconf 88' lang='lat' dir='ltr'>odolone</span> 
     </span>
     <span class='ocr_line' id='line_1_65' title="bbox 1218 2821 2118 2900; baseline 0.002 -18"><span class='ocrx_word' id='word_1_363' title='bbox 1218 2833 1262 2882; x_wconf 89' lang='lat' dir='ltr'>est</span> <span class='ocrx_word' id='word_1_364' title='bbox 1277 2821 1436 2895; x_wconf 89' lang='lat' dir='ltr'>decretum,</span> <span class='ocrx_word' id='word_1_365' title='bbox 1446 2841 1500 2900; x_wconf 93' lang='lat' dir='ltr'>pro</span> <span class='ocrx_word' id='word_1_366' title='bbox 1511 2841 1638 2900; x_wconf 92' lang='lat' dir='ltr'>quorum</span> <span class='ocrx_word' id='word_1_367' title='bbox 1648 2821 1806 2884; x_wconf 79' lang='lat' dir='ltr'>benefactis</span> <span class='ocrx_word' id='word_1_368' title='bbox 1816 2824 1889 2886; x_wconf 92' lang='lat' dir='ltr'>deus</span> <span class='ocrx_word' id='word_1_369' title='bbox 1900 2833 1945 2884; x_wconf 90' lang='lat' dir='ltr'>est</span> <span class='ocrx_word' id='word_1_370' title='bbox 1956 2823 2118 2884; x_wconf 88' lang='lat' dir='ltr'>declaratus</span> 
     </span>
     <span class='ocr_line' id='line_1_66' title="bbox 1219 2915 1668 2994; baseline 0.004 -20"><span class='ocrx_word' id='word_1_371' title='bbox 1219 2916 1249 2974; x_wconf 93' lang='lat' dir='ltr'>in</span> <span class='ocrx_word' id='word_1_372' title='bbox 1263 2917 1378 2994; x_wconf 89' lang='lat' dir='ltr'>magnis</span> <span class='ocrx_word' id='word_1_373' title='bbox 1391 2917 1545 2978; x_wconf 90' lang='lat' dir='ltr'>miraculis.</span> <span class='ocrx_word' id='word_1_374' title='bbox 1566 2917 1641 2978; x_wconf 89' lang='lat' dir='ltr'>Uale</span> <span class='ocrx_word' id='word_1_375' title='bbox 1649 2915 1668 2976; x_wconf 86' lang='lat'>¹.</span> 
     </span>
    </p>
   </div>
   <div class='ocr_carea' id='block_1_26' title="bbox 1220 3045 2119 4181">
    <p class='ocr_par' dir='ltr' id='par_1_26' title="bbox 1587 3045 1752 3132">
     <span class='ocr_line' id='line_1_67' title="bbox 1587 3045 1752 3132; baseline 0.012 -24"><span class='ocrx_word' id='word_1_376' title='bbox 1587 3045 1752 3132; x_wconf 63' lang='lat' dir='ltr'>[Presufio]</span> 
     </span>
    </p>

    <p class='ocr_par' dir='ltr' id='par_1_27' title="bbox 1220 3151 2118 3895">
     <span class='ocr_line' id='line_1_68' title="bbox 1260 3151 2117 3238; baseline 0.001 -23"><span class='ocrx_word' id='word_1_377' title='bbox 1260 3151 1375 3238; x_wconf 58' lang='lat' dir='ltr'>[isseras</span> <span class='ocrx_word' id='word_1_378' title='bbox 1389 3175 1503 3218; x_wconf 77' lang='lat' dir='ltr'>pronum</span> <span class='ocrx_word' id='word_1_379' title='bbox 1517 3165 1546 3216; x_wconf 92' lang='lat' dir='ltr'>et</span> <span class='ocrx_word' id='word_1_380' title='bbox 1559 3158 1667 3217; x_wconf 90' lang='lat' dir='ltr'>iustum</span> <span class='ocrx_word' id='word_1_381' title='bbox 1682 3167 1734 3230; x_wconf 91' lang='lat' dir='ltr'>est,</span> <span class='ocrx_word' id='word_1_382' title='bbox 1744 3174 1860 3234; x_wconf 86' lang='lat' dir='ltr'>aequum</span> <span class='ocrx_word' id='word_1_383' title='bbox 1871 3165 1900 3216; x_wconf 91' lang='lat' dir='ltr'>et</span> <span class='ocrx_word' id='word_1_384' title='bbox 1914 3155 2046 3228; x_wconf 90' lang='lat' dir='ltr'>salutare,</span> <span class='ocrx_word' id='word_1_385' title='bbox 2061 3175 2117 3217; x_wconf 89' lang='lat' dir='ltr'>nos</span> 
     </span>
     <span class='ocr_line' id='line_1_69' title="bbox 1220 3250 2118 3330; baseline 0.001 -20"><span class='ocrx_word' id='word_1_386' title='bbox 1220 3250 1271 3310; x_wconf 93' lang='lat' dir='ltr'>tibi</span> <span class='ocrx_word' id='word_1_387' title='bbox 1296 3268 1411 3328; x_wconf 89' lang='lat' dir='ltr'>semper</span> <span class='ocrx_word' id='word_1_388' title='bbox 1434 3262 1463 3311; x_wconf 91' lang='lat' dir='ltr'>et</span> <span class='ocrx_word' id='word_1_389' title='bbox 1483 3251 1592 3329; x_wconf 92' lang='lat' dir='ltr'>ubique</span> <span class='ocrx_word' id='word_1_390' title='bbox 1617 3253 1724 3330; x_wconf 83' lang='lat' dir='ltr'>gratias</span> <span class='ocrx_word' id='word_1_391' title='bbox 1747 3269 1843 3329; x_wconf 87' lang='lat' dir='ltr'>agere,</span> <span class='ocrx_word' id='word_1_392' title='bbox 1866 3250 1993 3322; x_wconf 90' lang='lat' dir='ltr'>domine,</span> <span class='ocrx_word' id='word_1_393' title='bbox 2019 3262 2118 3311; x_wconf 88' lang='lat' dir='ltr'>sancte</span> 
     </span>
     <span class='ocr_line' id='line_1_70' title="bbox 1221 3344 2118 3423; baseline 0.002 -19"><span class='ocrx_word' id='word_1_394' title='bbox 1221 3355 1309 3422; x_wconf 91' lang='lat' dir='ltr'>pater,</span> <span class='ocrx_word' id='word_1_395' title='bbox 1325 3345 1514 3422; x_wconf 90' lang='lat' dir='ltr'>omnipotens</span> <span class='ocrx_word' id='word_1_396' title='bbox 1527 3356 1635 3406; x_wconf 82' lang='lat' dir='ltr'>aeteme</span> <span class='ocrx_word' id='word_1_397' title='bbox 1655 3346 1744 3419; x_wconf 86' lang='lat' dir='ltr'>deus;</span> <span class='ocrx_word' id='word_1_398' title='bbox 1765 3363 1818 3423; x_wconf 89' lang='lat' dir='ltr'>per</span> <span class='ocrx_word' id='word_1_399' title='bbox 1832 3345 1950 3405; x_wconf 90' lang='lat' dir='ltr'>eristum</span> <span class='ocrx_word' id='word_1_400' title='bbox 1965 3344 2118 3406; x_wconf 89' lang='lat' dir='ltr'>dominum</span> 
     </span>
     <span class='ocr_line' id='line_1_71' title="bbox 1221 3439 2117 3518; baseline 0 -20"><span class='ocrx_word' id='word_1_401' title='bbox 1221 3450 1363 3513; x_wconf 89' lang='lat' dir='ltr'>nostrum,</span> <span class='ocrx_word' id='word_1_402' title='bbox 1384 3459 1437 3517; x_wconf 91' lang='lat' dir='ltr'>per</span> <span class='ocrx_word' id='word_1_403' title='bbox 1458 3457 1547 3516; x_wconf 91' lang='lat' dir='ltr'>quem</span> <span class='ocrx_word' id='word_1_404' title='bbox 1567 3441 1746 3501; x_wconf 88' lang='lat' dir='ltr'>maiestatem</span> <span class='ocrx_word' id='word_1_405' title='bbox 1768 3439 1886 3500; x_wconf 89' lang='lat' dir='ltr'>laudant</span> <span class='ocrx_word' id='word_1_406' title='bbox 1910 3450 1990 3499; x_wconf 90' lang='lat' dir='ltr'>tuam</span> <span class='ocrx_word' id='word_1_407' title='bbox 2013 3441 2117 3518; x_wconf 90' lang='lat' dir='ltr'>angeli,</span> 
     </span>
     <span class='ocr_line' id='line_1_72' title="bbox 1221 3533 2118 3613; baseline 0 -21"><span class='ocrx_word' id='word_1_408' title='bbox 1221 3533 1345 3594; x_wconf 90' lang='lat' dir='ltr'>adorant</span> <span class='ocrx_word' id='word_1_409' title='bbox 1355 3534 1580 3607; x_wconf 88' lang='lat' dir='ltr'>dominationes,</span> <span class='ocrx_word' id='word_1_410' title='bbox 1592 3544 1717 3595; x_wconf 90' lang='lat' dir='ltr'>tremunt</span> <span class='ocrx_word' id='word_1_411' title='bbox 1731 3543 1890 3613; x_wconf 89' lang='lat' dir='ltr'>potestates</span> <span class='ocrx_word' id='word_1_412' title='bbox 1901 3533 1962 3606; x_wconf 90' lang='lat' dir='ltr'>celi,</span> <span class='ocrx_word' id='word_1_413' title='bbox 1974 3534 2118 3594; x_wconf 89' lang='lat' dir='ltr'>celorum-</span> 
     </span>
     <span class='ocr_line' id='line_1_73' title="bbox 1221 3628 2118 3706; baseline 0.002 -19"><span class='ocrx_word' id='word_1_414' title='bbox 1221 3646 1278 3706; x_wconf 89' lang='lat' dir='ltr'>que</span> <span class='ocrx_word' id='word_1_415' title='bbox 1292 3629 1421 3701; x_wconf 85' lang='lat' dir='ltr'>uirtutes,</span> <span class='ocrx_word' id='word_1_416' title='bbox 1436 3647 1471 3688; x_wconf 88' lang='lat' dir='ltr'>ac</span> <span class='ocrx_word' id='word_1_417' title='bbox 1485 3629 1570 3688; x_wconf 90' lang='lat' dir='ltr'>beata</span> <span class='ocrx_word' id='word_1_418' title='bbox 1592 3630 1727 3706; x_wconf 90' lang='lat' dir='ltr'>seraphin</span> <span class='ocrx_word' id='word_1_419' title='bbox 1748 3628 1829 3690; x_wconf 87' lang='lat' dir='ltr'>socia</span> <span class='ocrx_word' id='word_1_420' title='bbox 1849 3628 2026 3688; x_wconf 85' lang='lat' dir='ltr'>exultatione</span> <span class='ocrx_word' id='word_1_421' title='bbox 2047 3647 2118 3689; x_wconf 93' lang='lat' dir='ltr'>con-</span> 
     </span>
     <span class='ocr_line' id='line_1_74' title="bbox 1221 3721 2118 3802; baseline -0.002 -19"><span class='ocrx_word' id='word_1_422' title='bbox 1221 3722 1384 3796; x_wconf 83' lang='lat' dir='ltr'>celebrant3</span> <span class='ocrx_word' id='word_1_423' title='bbox 1417 3740 1485 3783; x_wconf 90' lang='lat' dir='ltr'>cum</span> <span class='ocrx_word' id='word_1_424' title='bbox 1507 3724 1612 3802; x_wconf 91' lang='lat' dir='ltr'>quibus</span> <span class='ocrx_word' id='word_1_425' title='bbox 1636 3733 1664 3783; x_wconf 89' lang='lat' dir='ltr'>et</span> <span class='ocrx_word' id='word_1_426' title='bbox 1691 3734 1806 3784; x_wconf 90' lang='lat' dir='ltr'>nostras</span> <span class='ocrx_word' id='word_1_427' title='bbox 1830 3740 1919 3782; x_wconf 85' lang='lat' dir='ltr'>uoces</span> <span class='ocrx_word' id='word_1_428' title='bbox 1946 3733 1979 3782; x_wconf 92' lang='lat' dir='ltr'>ut</span> <span class='ocrx_word' id='word_1_429' title='bbox 2006 3721 2118 3784; x_wconf 91' lang='lat' dir='ltr'>admitti</span> 
     </span>
     <span class='ocr_line' id='line_1_75' title="bbox 1221 3817 2020 3895; baseline 0 -19"><span class='ocrx_word' id='word_1_430' title='bbox 1221 3818 1321 3877; x_wconf 86' lang='lat' dir='ltr'>iubeas</span> <span class='ocrx_word' id='word_1_431' title='bbox 1336 3817 1534 3895; x_wconf 88' lang='lat' dir='ltr'>deprecamur,</span> <span class='ocrx_word' id='word_1_432' title='bbox 1549 3817 1670 3895; x_wconf 92' lang='lat' dir='ltr'>supplici</span> <span class='ocrx_word' id='word_1_433' title='bbox 1685 3817 1868 3878; x_wconf 88' lang='lat' dir='ltr'>confessione</span> <span class='ocrx_word' id='word_1_434' title='bbox 1882 3817 2020 3878; x_wconf 89' lang='lat' dir='ltr'>dicentes.</span> 
     </span>
    </p>

    <p class='ocr_par' dir='ltr' id='par_1_28' title="bbox 1221 3911 2119 4181">
     <span class='ocr_line' id='line_1_76' title="bbox 1262 3911 2118 3989; baseline -0.001 -18"><span class='ocrx_word' id='word_1_435' title='bbox 1262 3911 1361 3985; x_wconf 91' lang='lat' dir='ltr'>Quem</span> <span class='ocrx_word' id='word_1_436' title='bbox 1378 3911 1496 3972; x_wconf 87' lang='lat' dir='ltr'>laudant</span> <span class='ocrx_word' id='word_1_437' title='bbox 1516 3913 1613 3989; x_wconf 88' lang='lat' dir='ltr'>angeli</span> <span class='ocrx_word' id='word_1_438' title='bbox 1634 3921 1662 3973; x_wconf 92' lang='lat' dir='ltr'>et</span> <span class='ocrx_word' id='word_1_439' title='bbox 1684 3912 1857 3989; x_wconf 87' lang='lat' dir='ltr'>archangeli,</span> <span class='ocrx_word' id='word_1_440' title='bbox 1872 3911 1969 3971; x_wconf 89' lang='lat' dir='ltr'>throni</span> <span class='ocrx_word' id='word_1_441' title='bbox 1983 3921 2012 3971; x_wconf 93' lang='lat' dir='ltr'>et</span> <span class='ocrx_word' id='word_1_442' title='bbox 2025 3911 2118 3972; x_wconf 90' lang='lat' dir='ltr'>domi-</span> 
     </span>
     <span class='ocr_line' id='line_1_77' title="bbox 1222 4005 2119 4085; baseline 0 -19"><span class='ocrx_word' id='word_1_443' title='bbox 1222 4007 1365 4080; x_wconf 89' lang='lat' dir='ltr'>nationes,</span> <span class='ocrx_word' id='word_1_444' title='bbox 1376 4007 1516 4067; x_wconf 91' lang='lat' dir='ltr'>cherubin</span> <span class='ocrx_word' id='word_1_445' title='bbox 1526 4024 1645 4085; x_wconf 91' lang='lat' dir='ltr'>quoque</span> <span class='ocrx_word' id='word_1_446' title='bbox 1660 4017 1688 4066; x_wconf 91' lang='lat' dir='ltr'>et</span> <span class='ocrx_word' id='word_1_447' title='bbox 1699 4005 1841 4085; x_wconf 89' lang='lat' dir='ltr'>seraphin,</span> <span class='ocrx_word' id='word_1_448' title='bbox 1856 4024 1913 4084; x_wconf 78' lang='lat' dir='ltr'>que</span> <span class='ocrx_word' id='word_1_449' title='bbox 1930 4024 1991 4067; x_wconf 91' lang='lat' dir='ltr'>non</span> <span class='ocrx_word' id='word_1_450' title='bbox 2005 4015 2119 4066; x_wconf 89' lang='lat' dir='ltr'>cessant</span> 
     </span>
     <span class='ocr_line' id='line_1_78' title="bbox 1221 4100 1778 4181; baseline -0.002 -20"><span class='ocrx_word' id='word_1_451' title='bbox 1221 4100 1348 4162; x_wconf 87' lang='lat' dir='ltr'>clamare</span> <span class='ocrx_word' id='word_1_452' title='bbox 1361 4102 1465 4181; x_wconf 89' lang='lat' dir='ltr'>iugiter</span> <span class='ocrx_word' id='word_1_453' title='bbox 1478 4119 1537 4160; x_wconf 90' lang='lat' dir='ltr'>uua</span> <span class='ocrx_word' id='word_1_454' title='bbox 1551 4118 1625 4161; x_wconf 89' lang='lat' dir='ltr'>uoce</span> <span class='ocrx_word' id='word_1_455' title='bbox 1640 4101 1778 4162; x_wconf 86' lang='lat' dir='ltr'>dicentes.</span> 
     </span>
    </p>
   </div>
   <div class='ocr_carea' id='block_1_27' title="bbox 1488 4327 1877 4410">
    <p class='ocr_par' dir='ltr' id='par_1_29' title="bbox 1488 4327 1877 4410">
     <span class='ocr_line' id='line_1_79' title="bbox 1488 4327 1877 4410; baseline -0.015 -15"><span class='ocrx_word' id='word_1_456' title='bbox 1488 4327 1631 4410; x_wconf 73' lang='lat' dir='ltr'>ursula</span> <span class='ocrx_word' id='word_1_457' title='bbox 1650 4327 1756 4409; x_wconf 73' lang='lat' dir='ltr'>paiupft</span> <span class='ocrx_word' id='word_1_458' title='bbox 1776 4328 1877 4409; x_wconf 58' lang='lat' dir='ltr'>papst</span> 
     </span>
    </p>
   </div>
   <div class='ocr_carea' id='block_1_28' title="bbox 1220 4457 2119 5197">
    <p class='ocr_par' dir='ltr' id='par_1_30' title="bbox 1220 4457 2119 5197">
     <span class='ocr_line' id='line_1_80' title="bbox 1262 4457 2119 4536; baseline 0 -20"><span class='ocrx_word' id='word_1_459' title='bbox 1262 4457 1420 4530; x_wconf 73' lang='lat' dir='ltr'>Passurus,</span> <span class='ocrx_word' id='word_1_460' title='bbox 1434 4476 1545 4534; x_wconf 72' lang='lat' dir='ltr'>sarcre</span> <span class='ocrx_word' id='word_1_461' title='bbox 1572 4475 1694 4536; x_wconf 68' lang='lat' dir='ltr'>nouare</span> <span class='ocrx_word' id='word_1_462' title='bbox 1721 4475 1856 4532; x_wconf 72' lang='lat' dir='ltr'>recursrp</span> <span class='ocrx_word' id='word_1_463' title='bbox 1883 4473 2040 4528; x_wconf 76' lang='lat' dir='ltr'>muscosus,</span> <span class='ocrx_word' id='word_1_464' title='bbox 2064 4475 2119 4516; x_wconf 80' lang='lat' dir='ltr'>aas</span> 
     </span>
     <span class='ocr_line' id='line_1_81' title="bbox 1221 4551 2117 4631; baseline -0.003 -19"><span class='ocrx_word' id='word_1_465' title='bbox 1221 4570 1332 4614; x_wconf 89' lang='lat' dir='ltr'>nouem</span> <span class='ocrx_word' id='word_1_466' title='bbox 1354 4553 1529 4631; x_wconf 88' lang='lat' dir='ltr'>prefationes</span> <span class='ocrx_word' id='word_1_467' title='bbox 1552 4552 1757 4612; x_wconf 90' lang='lat' dir='ltr'>tantummodo</span> <span class='ocrx_word' id='word_1_468' title='bbox 1786 4551 1907 4612; x_wconf 90' lang='lat' dir='ltr'>mandat</span> <span class='ocrx_word' id='word_1_469' title='bbox 1931 4569 1994 4611; x_wconf 82' lang='lat' dir='ltr'>esse</span> <span class='ocrx_word' id='word_1_470' title='bbox 2018 4552 2117 4611; x_wconf 91' lang='lat' dir='ltr'>obser-</span> 
     </span>
     <span class='ocr_line' id='line_1_82' title="bbox 1220 4645 2118 4723; baseline -0.003 -17"><span class='ocrx_word' id='word_1_471' title='bbox 1220 4647 1340 4718; x_wconf 90' lang='lat' dir='ltr'>uandas,</span> <span class='ocrx_word' id='word_1_472' title='bbox 1362 4645 1461 4706; x_wconf 90' lang='lat' dir='ltr'>Unam</span> <span class='ocrx_word' id='word_1_473' title='bbox 1483 4647 1513 4706; x_wconf 92' lang='lat' dir='ltr'>in</span> <span class='ocrx_word' id='word_1_474' title='bbox 1533 4646 1629 4705; x_wconf 84' lang='lat' dir='ltr'>natale</span> <span class='ocrx_word' id='word_1_475' title='bbox 1650 4646 1768 4718; x_wconf 91' lang='lat' dir='ltr'>domini,</span> <span class='ocrx_word' id='word_1_476' title='bbox 1789 4645 1886 4719; x_wconf 90' lang='lat' dir='ltr'>‘Quia</span> <span class='ocrx_word' id='word_1_477' title='bbox 1905 4662 1958 4723; x_wconf 91' lang='lat' dir='ltr'>per</span> <span class='ocrx_word' id='word_1_478' title='bbox 1977 4645 2118 4704; x_wconf 90' lang='lat' dir='ltr'>incarnati</span> 
     </span>
     <span class='ocr_line' id='line_1_83' title="bbox 1220 4737 2117 4819; baseline -0.003 -19"><span class='ocrx_word' id='word_1_479' title='bbox 1220 4741 1321 4801; x_wconf 65' lang='lat' dir='ltr'>uerbi!</span> <span class='ocrx_word' id='word_1_480' title='bbox 1343 4741 1440 4800; x_wconf 87' lang='lat' dir='ltr'>Aliam</span> <span class='ocrx_word' id='word_1_481' title='bbox 1454 4743 1485 4800; x_wconf 93' lang='lat' dir='ltr'>in</span> <span class='ocrx_word' id='word_1_482' title='bbox 1495 4741 1725 4819; x_wconf 83' lang='lat' dir='ltr'>quadragesima,</span> <span class='ocrx_word' id='word_1_483' title='bbox 1741 4740 1820 4814; x_wconf 87' lang='lat' dir='ltr'>‘Qui</span> <span class='ocrx_word' id='word_1_484' title='bbox 1834 4739 1977 4819; x_wconf 91' lang='lat' dir='ltr'>corporali</span> <span class='ocrx_word' id='word_1_485' title='bbox 1992 4737 2117 4798; x_wconf 73' lang='lat' dir='ltr'>ieiunio!</span> 
     </span>
     <span class='ocr_line' id='line_1_84' title="bbox 1221 4833 2116 4914; baseline -0.003 -20"><span class='ocrx_word' id='word_1_486' title='bbox 1221 4834 1352 4896; x_wconf 87' lang='lat' dir='ltr'>Tertiam</span> <span class='ocrx_word' id='word_1_487' title='bbox 1364 4837 1500 4914; x_wconf 86' lang='lat' dir='ltr'>inpasca,</span> <span class='ocrx_word' id='word_1_488' title='bbox 1511 4835 1570 4896; x_wconf 89' lang='lat' dir='ltr'>‘Te</span> <span class='ocrx_word' id='word_1_489' title='bbox 1581 4836 1700 4914; x_wconf 92' lang='lat' dir='ltr'>quidem</span> <span class='ocrx_word' id='word_1_490' title='bbox 1710 4837 1792 4896; x_wconf 90' lang='lat' dir='ltr'>ornni</span> <span class='ocrx_word' id='word_1_491' title='bbox 1803 4833 1951 4911; x_wconf 70' lang='lat' dir='ltr'>tempore!</span> <span class='ocrx_word' id='word_1_492' title='bbox 1969 4833 2116 4906; x_wconf 90' lang='lat' dir='ltr'>Quartam</span> 
     </span>
     <span class='ocr_line' id='line_1_85' title="bbox 1220 4927 2116 5009; baseline -0.004 -20"><span class='ocrx_word' id='word_1_493' title='bbox 1220 4931 1251 4989; x_wconf 94' lang='lat' dir='ltr'>in</span> <span class='ocrx_word' id='word_1_494' title='bbox 1262 4931 1433 4992; x_wconf 87' lang='lat' dir='ltr'>ascensione</span> <span class='ocrx_word' id='word_1_495' title='bbox 1444 4930 1563 4990; x_wconf 90' lang='lat' dir='ltr'>domini.</span> <span class='ocrx_word' id='word_1_496' title='bbox 1580 4929 1721 5003; x_wconf 89' lang='lat' dir='ltr'>Quintam</span> <span class='ocrx_word' id='word_1_497' title='bbox 1731 4932 1762 4991; x_wconf 92' lang='lat' dir='ltr'>in</span> <span class='ocrx_word' id='word_1_498' title='bbox 1776 4937 1973 5009; x_wconf 89' lang='lat' dir='ltr'>pentecosten.</span> <span class='ocrx_word' id='word_1_499' title='bbox 1997 4927 2116 4987; x_wconf 85' lang='lat' dir='ltr'>Sextam</span> 
     </span>
     <span class='ocr_line' id='line_1_86' title="bbox 1220 5021 2116 5104; baseline -0.006 -19"><span class='ocrx_word' id='word_1_500' title='bbox 1220 5025 1256 5085; x_wconf 92' lang='lat' dir='ltr'>de</span> <span class='ocrx_word' id='word_1_501' title='bbox 1266 5035 1366 5084; x_wconf 89' lang='lat' dir='ltr'>sancta</span> <span class='ocrx_word' id='word_1_502' title='bbox 1375 5025 1509 5085; x_wconf 90' lang='lat' dir='ltr'>trinitate.</span> <span class='ocrx_word' id='word_1_503' title='bbox 1531 5025 1692 5104; x_wconf 88' lang='lat' dir='ltr'>Septimam</span> <span class='ocrx_word' id='word_1_504' title='bbox 1700 5026 1738 5085; x_wconf 91' lang='lat' dir='ltr'>de</span> <span class='ocrx_word' id='word_1_505' title='bbox 1746 5035 1847 5086; x_wconf 87' lang='lat' dir='ltr'>sancta</span> <span class='ocrx_word' id='word_1_506' title='bbox 1857 5043 1951 5086; x_wconf 89' lang='lat' dir='ltr'>cruce.</span> <span class='ocrx_word' id='word_1_507' title='bbox 1973 5021 2116 5084; x_wconf 87' lang='lat' dir='ltr'>Octauam</span> 
     </span>
     <span class='ocr_line' id='line_1_87' title="bbox 1220 5118 1811 5197; baseline 0.003 -18"><span class='ocrx_word' id='word_1_508' title='bbox 1220 5119 1257 5179; x_wconf 89' lang='lat' dir='ltr'>de</span> <span class='ocrx_word' id='word_1_509' title='bbox 1269 5120 1418 5197; x_wconf 91' lang='lat' dir='ltr'>apostolis.</span> <span class='ocrx_word' id='word_1_510' title='bbox 1455 5118 1575 5180; x_wconf 87' lang='lat' dir='ltr'>Nouam</span> <span class='ocrx_word' id='word_1_511' title='bbox 1589 5137 1643 5197; x_wconf 94' lang='lat' dir='ltr'>pro</span> <span class='ocrx_word' id='word_1_512' title='bbox 1658 5120 1811 5181; x_wconf 89' lang='lat' dir='ltr'>defunctis.</span> 
     </span>
    </p>
   </div>
   <div class='ocr_carea' id='block_1_29' title="bbox 1382 5294 1953 5363">
    <p class='ocr_par' dir='ltr' id='par_1_31' title="bbox 1382 5294 1953 5363">
     <span class='ocr_line' id='line_1_88' title="bbox 1382 5294 1953 5363; baseline -0.004 -16"><span class='ocrx_word' id='word_1_513' title='bbox 1382 5297 1392 5329; x_wconf 90' lang='lat'><strong>¹</strong></span> <span class='ocrx_word' id='word_1_514' title='bbox 1409 5298 1503 5349; x_wconf 89' lang='lat' dir='ltr'>Introd.</span> <span class='ocrx_word' id='word_1_515' title='bbox 1517 5303 1530 5361; x_wconf 63' lang='grc' dir='ltr'>ᾖ</span> <span class='ocrx_word' id='word_1_516' title='bbox 1543 5314 1582 5363; x_wconf 80' lang='lat'>44.</span> <span class='ocrx_word' id='word_1_517' title='bbox 1807 5294 1818 5326; x_wconf 81' lang='lat'><strong>¹</strong></span> <span class='ocrx_word' id='word_1_518' title='bbox 1833 5296 1873 5348; x_wconf 91' lang='lat' dir='ltr'>Ib.</span> <span class='ocrx_word' id='word_1_519' title='bbox 1886 5299 1899 5357; x_wconf 69' lang='grc'><strong>5</strong></span> <span class='ocrx_word' id='word_1_520' title='bbox 1911 5309 1953 5361; x_wconf 78' lang='lat'>45.</span> 
     </span>
    </p>
   </div>
   <div class='ocr_carea' id='block_1_30' title="bbox 0 0 2569 6608">
    <p class='ocr_par' dir='ltr' id='par_1_32' title="bbox 0 0 2569 6608">
     <span class='ocr_line' id='line_1_89' title="bbox 0 0 2569 6608; baseline 0 0"><span class='ocrx_word' id='word_1_521' title='bbox 0 0 2569 6608; x_wconf 95' lang='lat' dir='ltr'> </span> 
     </span>
    </p>
   </div>
  </div>
 </body>
</html>
