5122 6610
551 574 802 668 norma.
1508 571 1759 666 manua.
2019 591 2089 662 199

285 773 366 837 enim
377 773 539 838 utanima
548 770 587 837 de
595 781 722 854 corpore
731 791 858 854 egressa
865 768 984 854 suerit,
990 779 1139 853 ponatur
1190 769 1304 836 samuli
1327 768 1376 836 tui
1405 769 1471 837 cari
1502 770 1604 835 nostri
1627 767 1683 834 ill.
1705 768 1843 835 uinculis
1866 769 2090 854 corporalibus

284 871 522 956 nepercilicium,
544 881 578 936 et
596 881 756 936 canantur
771 871 829 935 vii.
840 869 969 954 psalmi
979 869 1138 954 poenitsn-
1189 870 1366 935 liberatum
1396 871 1429 934 in
1459 890 1543 954 pace
1571 877 1760 935 sanctorum
1792 867 1938 954 recipias,
1969 880 2006 935 ut
2035 870 2090 937 hic

284 973 384 1049 tiales,
394 982 429 1036 et
438 970 770 1054 agendaestloetania,
778 979 881 1052 prout
888 979 1010 1052 tempus
1016 968 1137 1050 suerit.
1167 1055 1169 1061 Ι
1189 969 1298 1034 locum
1321 969 1488 1054 poenalem
1512 979 1546 1036 et
1560 969 1722 1053 gehennae
1741 969 1851 1053 ignem
1874 969 2092 1054 flammasque

283 1071 405 1138 Finitis
420 1081 526 1137 autem
538 1080 723 1136 sanctorum
738 1068 929 1148 nominibus,
940 1090 1014 1133 mox
1026 1067 1138 1151 incipi·
1189 1069 1303 1135 tartari
1320 1071 1354 1133 in
1370 1071 1504 1153 regione
1518 1065 1701 1135 uiuentium
1717 1068 1847 1135 euadat.
1889 1067 1956 1153 Qui
1973 1091 2092 1154 regnas

282 1181 378 1236 amr:
1190 1189 1264 1234 cum
1291 1177 1386 1252 patre
1411 1177 1445 1234 et
1469 1171 1585 1254 spiritu
1610 1178 1726 1235 sancto
1749 1187 1809 1252 per
1832 1170 1944 1235 omnia
1970 1171 2092 1235 saecula

282 1297 322 1363 R.
362 1297 554 1373 Subuenite,
584 1295 689 1360 sancti
718 1294 793 1374 dei;
831 1295 1000 1371 occurrite,
1028 1293 1138 1377 angeli
1190 1267 1415 1334 ⁵ae⁶u¹0fflm²·

244 1398 371 1463 domini·
1591 1355 1683 1421 Alia.

283 1498 320 1564 S.
345 1497 509 1580 Requiem
524 1505 692 1562 aetemam
1234 1473 1381 1557 suscipe,
1395 1473 1538 1548 domine,
1551 1472 1695 1538 animam
1707 1474 1792 1538 serui
1802 1473 1849 1538 tui
1863 1469 1917 1539 ‚ili
1933 1493 2035 1556 quam
2050 1474 2095 1538 de

1190 1573 1357 1658 ergastulo
1386 1573 1483 1637 huius
1513 1572 1626 1637 saeculi
1655 1591 1775 1638 uocare
1804 1573 1959 1656 dignatus
1989 1595 2033 1650 es,
2058 1585 2091 1638 et

469 1745 476 1760 ·
504 1633 668 1760 §equitur
682 1629 866 1758 amma}
983 1742 991 1756 ,
1190 1674 1293 1738 libera
1305 1693 1379 1737 eam
1396 1673 1439 1738 de
1454 1672 1658 1756 principibus
1676 1672 1898 1749 tenebrarum,
1911 1675 1998 1738 etde
2013 1673 2098 1738 locis·

280 1746 352 1812 AN.
384 1746 549 1826 SUSfflPlat
572 1754 606 1809 te
629 1744 778 1821 Christus,
799 1763 855 1826 ‘1¹¹¹
878 1751 1008 1807 ⁰⁰⁰²u¹t
1032 1752 1075 1816 ἶς’
1104 1750 1139 1806 et
1190 1792 1371 1858 paenarum,
1395 1781 1433 1837 ut
1458 1772 1616 1836 absoluta
1642 1773 1790 1836 omnium
1818 1772 1951 1837 uinculo
1977 1792 2094 1857 pecca-

242 1850 271 1913 i¹¹
286 1848 360 1912 ³³⁰⁰
377 1845 502 1959 abrahe,
515 1843 624 1958 angeli
640 1844 806 1909 deducent
822 1851 866 1906 te·
905 1887 908 1894 ’
1190 1882 1310 1948 torum,
1334 1873 1455 1956 quietis
1477 1891 1516 1936 ac
1539 1870 1621 1937 lucis
1643 1881 1768 1937 aeterne
1789 1872 1997 1937 beatitudine
2019 1893 2094 1954 per·

283 1939 371 2036 [ps]
392 1945 433 2010 1¹¹
448 1954 542 2010 effltu
557 1939 662 2008 mel·
1191 1972 1325 2051 sruatur,
1341 1981 1374 2038 et
1391 1973 1477 2036 inter
1490 1979 1623 2036 sanctos
1639 1981 1673 2036 et
1691 1971 1815 2036 electos
1834 1981 1909 2036 tuos
1932 1973 1965 2036 in
1988 1990 2094 2036 resur-

411 2083 602 2166 Sequuntur
614 2091 646 2146 et
659 2080 723 2147 alii
727 2079 854 2163 psalmi
867 2098 975 2160 usque·
1191 2074 1345 2138 rectionis
1359 2071 1464 2156 gloria
1479 2072 1664 2136 resuscitari
1679 2078 1853 2137 mereatur.
1900 2071 1987 2136 Pers

421 2195 480 2260 Ad
496 2196 668 2260 dominum
684 2213 760 2259 cum
775 2192 958 2258 tribularer.
1145 2189 1150 2196 '
1594 2225 1686 2292 Alia·

1235 2345 1313 2409 Non
1329 2344 1430 2410 intres
1448 2344 1481 2408 in
1497 2343 1654 2409 iudicium
1670 2363 1746 2408 cum
1761 2364 1856 2408 seruo
1871 2353 1940 2420 tuo,
1953 2346 2095 2426 domine,

1190 2443 1246 2510 ‚ili
1267 2446 1423 2528 quoniam
1442 2443 1551 2508 nullus
1573 2444 1663 2527 apud
1686 2452 1720 2508 te
1742 2442 1971 2510 iustificabitur
1984 2445 2098 2524 homo,

285 2549 344 2613 Ρίο
377 2544 613 2612 recordationis
649 2543 781 2619 affectu,
811 2541 929 2606 fratres
965 2538 1139 2620 karissimi,
1190 2546 1251 2608 nisi
1263 2566 1322 2629 per
1333 2555 1368 2610 te
1379 2539 1528 2608 omniu'm
1541 2552 1751 2626 peccatorum
1761 2545 1923 2608 tribuatur
1932 2545 2094 2622 remissi03

243 2646 590 2715 commemorationem
606 2642 745 2708 iacimus
761 2643 826 2707 cari
845 2641 947 2706 nostri
963 2638 1019 2702 ill.
1038 2660 1138 2723 quem
1189 2665 1255 2709 non
1271 2666 1349 2729 ergo
1366 2665 1442 2710 eum
1458 2653 1525 2723 tua,
1541 2663 1729 2726 quesumus,
1746 2643 1908 2708 iudicialis
1931 2645 2096 2709 sententia

240 2748 392 2813 dominus
408 2745 450 2810 de
465 2745 704 2810 tentationibus
719 2743 816 2806 huius
827 2741 927 2807 seculi
943 2741 1138 2822 assumpsit;
1189 2754 1328 2826 premat,
1340 2765 1440 2828 quem
1452 2743 1512 2808 tibi
1524 2763 1602 2807 uera
1614 2741 1812 2826 supplicatio
1823 2743 1899 2808 fidei
1910 2743 2095 2809 christianae

240 2848 448 2912 obsecrantes
472 2843 727 2909 misericordiam
751 2843 804 2907 dei
828 2841 939 2917 nostri,
955 2849 993 2906 ut
1015 2840 1087 2924 ipse
1109 2840 1138 2903 ei
1190 2846 1423 2924 commendat;
1446 2843 1514 2922 sed,
1529 2843 1635 2925 gratia
1651 2851 1708 2906 tua
1724 2842 1771 2906 illi
1792 2853 2008 2920 succurrente,
2026 2863 2095 2907 me·

240 2949 382 3012 tribuere
418 2943 572 3028 dignetur
601 2941 766 3027 placidam
797 2950 831 3006 et
860 2942 1007 3025 quietam
1046 2959 1139 3003 man·
1172 2953 1300 3009 'reatur
1315 2944 1456 3009 euadere
1471 2943 1627 3007 iudicium
1644 2942 1787 3018 ultionis,
1800 2944 1857 3026 qui
1872 2944 1953 3006 dum
1970 2944 2097 3008 uiueret

241 3049 386 3126 sionem;
413 3055 447 3109 et
473 3045 621 3109 remittat
648 3061 765 3108 omnes
793 3041 917 3124 lubrice
944 3039 1139 3103 temeritatis
1190 3044 1364 3128 insignitus
1380 3053 1430 3108 est
1446 3041 1616 3127 signaculo
1631 3042 1797 3106 trinitatis.
1845 3042 1931 3108 Pers

242 3147 392 3222 offensas,
420 3153 457 3210 ut
487 3163 643 3209 concessa
669 3144 766 3206 uenia
796 3139 894 3224 plene
924 3138 1138 3223 indulgentie,
1656 3205 1662 3217 ι

241 3245 393 3330 quicquid
418 3245 451 3308 in
473 3244 538 3308 boc
562 3240 673 3326 seculo
698 3241 831 3324 proprio
861 3248 952 3303 reatu
983 3239 1139 3322 deliquid,
1599 3203 1688 3270 Aba·

241 3357 349 3412 totum
365 3341 521 3410 ineflabili
538 3345 663 3427 pietate
678 3362 717 3405 ac
731 3341 937 3423 benignitate
953 3359 1013 3403 sua
1029 3338 1140 3403 deleat
1234 3325 1311 3403 Fac,
1334 3344 1525 3407 quesumus,
1544 3322 1687 3399 domine,
1710 3320 1796 3386 hanc
1819 3341 1894 3387 cum
1918 3341 2014 3385 38Νο
2037 3329 2095 3385 tUO

242 3457 274 3512 et
292 3446 469 3528 abstergat.
518 3442 618 3526 Quod
641 3442 712 3524 ipse
734 3450 880 3523 prestare
903 3440 1064 3523 dignetur,
1084 3441 1139 3521 qui
1193 3423 1248 3488 ill.
1265 3423 1530 3498 misericordiam,
1547 3431 1584 3486 ut
1603 3422 1764 3486 sactorum
1781 3441 1914 3485 suorum
1935 3421 1968 3484 in
1990 3422 2097 3503 poenis

242 3554 425 3629 compatre
446 3551 480 3609 et
502 3544 617 3627 spiritu
641 3552 756 3606 sancto
771 3541 855 3605 uiuit
869 3550 902 3605 et
918 3551 1036 3621 regnat
1058 3539 1140 3602 deus
1192 3543 1257 3590 non
1274 3525 1409 3607 recipiat
1424 3524 1541 3600 uicem,
1556 3522 1612 3605 qui
1628 3531 1720 3588 tuam
1743 3523 1775 3584 in
1800 3521 1887 3586 uotis
1909 3521 2016 3584 tenuit
2038 3542 2098 3583 uo·

242 3657 322 3730 μιν
1192 3623 1374 3701 luntatem3
1408 3631 1446 3687 ut
1472 3624 1555 3687 sicut
1581 3642 1657 3685 eum
1683 3621 1737 3686 hic
1767 3641 1845 3684 uera
1876 3619 1958 3684 fides
1988 3619 2097 3684 iunxit

286 3743 434 3828 suscipe,
450 3742 592 3821 domine,
612 3742 758 3805 animam
781 3739 866 3804 serui
889 3737 937 3804 tui
961 3735 1017 3803 ,ill
1040 3738 1083 3802 ad
1106 3746 1141 3801 te
1192 3723 1340 3788 fidelium
1356 3724 1480 3801 turmis,
1496 3724 1543 3786 ita
1563 3741 1638 3786 eum
1654 3721 1719 3786 illic
1735 3730 1793 3786 tua
1813 3719 1979 3784 miseratio
1995 3721 2098 3784 societ

243 3853 461 3910 reuertentem
473 3843 515 3906 de
526 3842 653 3924 egypti
669 3840 818 3924 partibus
831 3849 863 3904 et
876 3837 1139 3923 proficiscentem
1191 3821 1348 3907 angelicis
1364 3821 1480 3888 chori&
1525 3823 1611 3886 Per-i

242 3946 284 4010 ad
300 3953 344 4009 te.
390 3943 519 4008 Emitte
533 3940 671 4024 angelos
693 3949 768 4005 tuos
790 3948 922 4004 sanctos
944 3938 1078 4002 obuiam
1102 3936 1140 4014 ei,
1596 3974 1680 4042 Alia

242 4055 277 4111 et
291 4046 380 4109 uiam
396 4043 528 4108 iustitiae
551 4041 744 4105 demonstra
764 4039 803 4104 ei.
846 4038 952 4121 Aperi
976 4039 1006 4100 ei
1028 4045 1141 4120 portas
1682 4022 1690 4039 ‘

243 4145 387 4222 iustitiae,
403 4152 436 4207 et
458 4140 580 4225 repelle
601 4140 645 4204 ab
665 4159 704 4203 ea
726 4159 841 4203 omnes
863 4137 1027 4222 principes
1049 4145 1141 4199 tene·

241 4245 383 4308 brarum.
414 4242 583 4325 Agnosce,
601 4240 746 4314 domine,
764 4248 948 4302 creaturam
964 4245 1058 4299 tuam
1073 4255 1140 4299 non

455 2409 617 2476 &returns
638 2425 725 2490 super
744 2407 918 2471 ademtam.

1237 4095 1372 4170 Inclita,
1384 4095 1529 4170 domine,
1541 4113 1655 4157 aurem
1668 4101 1761 4156 tuam
1775 4089 1819 4154 ad
1833 4111 1945 4174 preces
1960 4101 2098 4168 nostras,

1193 4195 1312 4278 quibus
1325 4194 1579 4258 misericordiam
1593 4202 1686 4257 tuam
1698 4189 1863 4274 supplices
1875 4191 2098 4272 deprecamur,

1193 4305 1230 4360 ut
1255 4297 1401 4359 animam
1426 4293 1540 4358 famuli
1567 4292 1615 4356 tui
1639 4289 1694 4356 ‚ill
1716 4310 1816 4373 quem
1839 4290 1882 4354 de
1905 4291 1968 4354 hoc
1987 4289 2098 4354 seculo

242 4365 284 4408 ex
301 4344 363 4408 ‘¹¹¹⁵
378 4341 493 4406 ³l¹e¹¹¹⁵
506 4350 662 4414 “eatam’
673 4339 731 4402 sed
747 4358 767 4400 a
782 4346 816 4401 te
832 4338 896 4401 ‘³⁶⁰
912 4356 988 4400 nmo
1004 4342 1038 4398 et
1053 4355 1141 4413 Μ’
1193 4395 1334 4477 migrare
1346 4394 1467 4458 iussisti
1477 4393 1510 4456 in
1521 4392 1659 4476 pacisac
1671 4389 1753 4455 lucis
1764 4390 1897 4472 regione
1909 4389 2098 4464 constituas,

242 4444 318 4527 quia
333 4462 400 4507 non
416 4451 467 4506 est
482 4439 566 4504 alius
581 4440 663 4503 deus
677 4446 798 4521 praeter
813 4444 855 4515 te,
872 4436 1014 4514 domine,
1027 4444 1060 4498 et
1075 4453 1141 4497 non
1645 4490 1652 4504 ,

243 4553 293 4608 est
308 4543 489 4607 secundum
506 4559 606 4623 opera
622 4547 689 4602 tua.
735 4535 894 4611 Laetifica,
912 4533 1054 4606 domine,
1070 4533 1141 4597 ani·
1192 4504 1446 4660 {terzancmmm
1477 4502 1607 4557 tuorum
1643 4491 1758 4554 ΝΜ
1791 4509 1866 4554 esse
1900 4497 2098 4554 ‘mrtem'

242 4663 331 4707 mam
356 4642 441 4706 serui
466 4641 514 4706 tui
540 4637 598 4705 ill.
641 4637 695 4702 Ne
721 4635 907 4700 memineris
932 4633 1141 4716 iniquitatum
1596 4676 1660 4740 Al.

242 4743 310 4808 eius
335 4743 546 4824 antiquarum
572 4748 607 4802 et
635 4737 843 4811 ebrietatum,
867 4754 949 4817 quas
972 4733 1142 4796 suscitauit
1646 4699 1692 4742 'a'

244 4842 331 4907 furor
360 4841 439 4905 mali
471 4838 634 4904 desiderii.
695 4835 791 4899 Licet
821 4835 909 4898 enim
946 4832 1141 4915 peccauerit,
1236 4796 1392 4872 Abfflhffi’
1415 4794 1562 4870 ‘mine’
1584 4794 1730 4858 animam
1756 4790 1871 4856 famuli
1895 4787 1943 4855 ²¹¹³
1976 4787 2032 4853 ’Μ’
2055 4789 2099 4853 ab

243 4951 355 5007 tamen
371 4949 501 5024 patrem
517 4950 551 5002 et
566 4937 669 5000 filium
686 4941 720 5000 et
735 4935 885 5018 spiritum
907 4940 1058 4996 sanctum
1075 4950 1142 4994 non
1194 4899 1284 4964 omni
1315 4897 1447 4962 uinculo
1477 4893 1684 4968 delictorum,
1714 4901 1752 4957 ut
1784 4893 1818 4956 in
1856 4887 2099 4955 resurrectionis

1193 4998 1298 5082 gloria
1329 4999 1413 5062 inter
1442 5001 1576 5059 sanctos
1605 5000 1681 5056 tuos
1711 4991 1923 5055 resuscitatus
1953 4988 2099 5072 respiret.

244 5042 385 5126 negauit,
416 5040 475 5104 sed
502 5038 649 5114 credidit,
674 5045 709 5099 et
735 5033 843 5098 zelum
867 5033 921 5096 dei
953 5030 1081 5106 habuit,
1108 5037 1141 5093 et

244 5143 351 5221 deum,
367 5140 424 5225 qui
440 5139 551 5204 omnia
567 5136 653 5212 iecit,
669 5134 830 5200 adorauit.
874 5130 967 5196 Per¹.
1195 5097 1280 5162 Peri
1601 5175 1694 5242 Alia·

641 5301 732 5367 Alia.
1184 5321 1187 5326 ·
1237 5299 1361 5364 Annue
1376 5297 1480 5372 uobis,
1497 5292 1641 5370 domine,
1656 5301 1693 5356 ut
1708 5291 1820 5356 anima
1835 5287 1950 5354 famuli
1972 5289 2020 5354 tui
2046 5287 2100 5353 ill.

286 5422 339 5486 Tu
353 5420 447 5484 nobis
462 5416 623 5483 auxilium
639 5422 785 5497 prestare
798 5411 943 5497 digneris
956 5431 963 5490 ;
980 5419 1018 5474 tu
1029 5427 1142 5493 opem,
1194 5400 1421 5466 remissionem
1438 5414 1539 5480 quam
1554 5413 1685 5475 semper
1703 5392 1834 5474 optauit
1850 5400 2014 5454 mereatur
2029 5409 2101 5470 per-

243 5530 277 5584 tu
313 5519 567 5584 misericordiam
598 5514 754 5597 largiaris,
787 5523 821 5577 et
853 5511 1004 5594 spiritum
1039 5509 1139 5572 etiam
1193 5501 1302 5584 cipere
1317 5506 1537 5581 peccatorum.
1584 5493 1670 5556 Pers

586 5654 595 5684 ¹
612 5653 669 5706 Gel.
681 5669 707 5720 p.
721 5653 776 5717 748.
1511 5707 1513 5713 Ι
1550 5632 1561 5662 ²
1578 5631 1633 5686 Gel.
1646 5649 1668 5700 p.
1684 5633 1740 5697 748.
