5124 6608
610 615 777 710 &mm

249 816 373 898 muniri,
389 816 435 881 Et
449 816 495 881 sic
511 814 545 879 in
559 815 656 880 rebus
670 812 867 881 transitoriis
882 813 1005 892 foueas,
1017 823 1053 879 ut
1068 835 1141 897 per·

248 917 354 1000 petuis
376 915 524 981 inherere
546 915 717 981 concedas.
771 916 834 980 Per
855 913 1013 980 christum
1037 914 1144 979 domi·

248 1037 325 1081 num
341 1026 489 1081 nostrum
498 1011 521 1081 ¹.

542 1101 604 1166 Ad
620 1100 849 1185 complendum.

291 1229 355 1302 Da,
367 1248 556 1311 quesumus,
569 1228 779 1311 omnipotens
792 1227 882 1300 deus,
895 1232 933 1289 ut
943 1245 1019 1308 quae
1034 1223 1147 1290 diuina

248 1337 323 1393 sunt
334 1328 453 1412 iugiter
464 1338 687 1410 exsequentes
701 1326 797 1392 donis
813 1345 998 1390 mereamur
1007 1325 1147 1390 caelesti·

248 1428 310 1494 bus
324 1427 555 1513 propinquare.
600 1427 664 1491 Per
678 1427 850 1491 dominum
866 1434 1038 1490 nostrums

577 1589 640 1655 Ad
649 1589 815 1673 populum.

292 1717 347 1781 Da
375 1714 480 1792 nobis,
504 1715 647 1794 domine,
670 1734 858 1798 quesumus,
881 1721 1149 1796 perseuerantem

248 1816 282 1881 in
305 1825 363 1880 tua
386 1813 558 1879 uoluntate
571 1814 777 1889 famulatum,
792 1821 831 1876 ut
849 1813 881 1877 in
897 1813 1014 1877 diebus
1029 1812 1149 1878 nostris

249 1924 284 1980 et
299 1915 416 1979 merito
432 1923 466 1978 et
480 1934 618 1980 numero
632 1912 774 1999 populus
790 1912 850 1977 tibi
866 1913 1012 1977 seruiens
1026 1931 1148 1994 augea·

248 2023 310 2080 tur.
356 2015 442 2081 Pera

619 2193 709 2266 fula
723 2195 787 2261 till.¹

458 2327 520 2393 Ad
537 2336 685 2394 sanctum
707 2326 942 2392 marcellinum.

294 2453 509 2520 Sanctificato
534 2451 598 2517 hoc
624 2451 754 2532 ieiunio,
780 2453 871 2530 deus,
892 2459 1026 2514 tuorum
1050 2447 1150 2512 corda

250 2554 397 2620 fidelium
417 2553 590 2618 miserator
611 2551 746 2628 illustra,
767 2561 801 2617 et
821 2549 941 2634 quibus
962 2546 1150 2613 deuotionis

250 2665 387 2738 praestas
401 2652 566 2732 affectum,
582 2652 694 2734 praebe
708 2651 969 2736 supplicantibus
985 2649 1077 2730 pium
1092 2645 1150 2710 be-

251 2755 368 2840 nignus
390 2753 551 2818 auditum.
598 2751 683 2816 Per.t

574 2913 681 2997 Super
702 2913 818 2978 oblata.

294 3040 438 3116 Annuae,
468 3039 652 3104 misericors
682 3041 772 3115 deus,
803 3049 841 3104 ut
877 3039 1004 3104 hostias
1039 3037 1151 3120 placa·

251 3141 349 3205 tionis
365 3150 399 3206 et
418 3139 525 3204 laudis
547 3139 673 3204 sincero
688 3140 749 3204 tibi
772 3138 959 3204 deseramus
981 3138 1150 3223 obsequio.

251 3239 336 3306 Per!

615 3324 789 3408 Proefatio.

293 3449 337 3515 U.
355 3449 397 3513 D.
414 3470 474 3534 per
488 3448 646 3514 christum
662 3450 834 3515 dominum
850 3459 1009 3515 nostrum.
1055 3447 1102 3512 Et
1116 3457 1151 3513 te

249 3548 387 3633 supplici
410 3550 589 3615 deuotione
612 3570 760 3625 exorare,
784 3559 821 3614 ut
848 3570 908 3634 per
932 3548 1052 3614 ieiunia
1075 3569 1150 3632 quae

250 3649 350 3714 sacris
380 3649 539 3714 institutis
570 3650 774 3732 exequimur,
800 3669 821 3713 a
846 3650 974 3714 cunctis
1004 3650 1151 3715 reatibus

251 3749 418 3813 emendari
441 3768 634 3829 mereamur,
653 3747 829 3832 Tuamque
849 3749 1017 3833 percipere
1040 3749 1151 3813 ualea-

253 3868 325 3912 mus
351 3849 630 3932 propitiationem,
652 3849 710 3932 qui
740 3869 965 3932 praeparamur
992 3850 1037 3914 ad
1067 3849 1152 3914 cele·

251 3947 411 4012 brandam
452 3949 613 4032 unigeniti
650 3949 707 4012 lilii
745 3948 793 4016 tui
833 3949 1030 4032 passionem.
1091 3949 1153 4014 Per

253 4067 351 4132 quem
362 4047 388 4110 ³.

548 4135 610 4199 Ad
620 4134 848 4219 complendum.

297 4257 448 4324 Caelestis
462 4258 541 4324 doni
556 4259 786 4326 benedictione
805 4269 972 4344 percepta,
987 4258 1152 4343 supplices

252 4367 294 4434 te,
317 4359 400 4423 deus
423 4359 643 4441 omnipotens,
666 4359 890 4442 deprecamur,
915 4369 951 4424 ut
977 4359 1040 4424 hoc
1063 4360 1152 4424 idem

254 4457 346 4524 nobis
361 4467 395 4524 et
410 4460 608 4523 sacramenti
622 4479 721 4524 causa
736 4459 780 4524 sit
795 4469 829 4524 et
843 4459 968 4524 salutis.
1013 4461 1100 4524 Pera

584 4620 647 4684 Ad
657 4622 823 4705 populum.

294 4742 426 4810 Adesto
455 4745 750 4828 supplicationibus
782 4744 910 4822 nostris,
941 4744 1152 4828 omnipotens

255 4845 342 4923 deus,
366 4854 401 4909 et
430 4846 550 4929 quibus
573 4845 724 4910 fidutiam
747 4847 912 4930 sperande
939 4845 1074 4929 pietatis
1103 4845 1152 4908 in·

255 4944 376 5028 dulges,
407 4955 566 5029 consuete
597 4946 820 5028 misericordie
849 4946 957 5013 tribue
991 4944 1153 5028 benignus

256 5043 416 5110 effectum.
462 5046 548 5109 Pers

287 5232 485 5300 memb

287 5310 298 5341 ³
312 5327 337 5365 n.
351 5313 483 5365 liberator
493 5329 570 5365 meur.

313 5403 348 5443 rs,
362 5391 475 5458 Diligum
487 5399 520 5454 te,
532 5391 641 5446 domine.

313 5482 337 5520 r..
352 5469 478 5521 Enlnbo
490 5477 522 5532 te,
535 5471 643 5522 domine.

313 5558 339 5599 v.
354 5548 464 5599 Domine
471 5547 532 5600 deus
543 5564 621 5608 meus,
630 5549 680 5599 cla·

382 5625 458 5677 meni.

288 5703 488 5772 mmmm

759 5324 803 5364 012.
817 5312 893 5378 Eripe
903 5327 944 5362 me
954 5312 987 5363 de
998 5310 1111 5364 inimicis.

760 5403 826 5442 con.
841 5390 946 5441 Lauabo
957 5391 1027 5442 inter.

761 5472 815 5533 (nr.
823 5469 935 5520 Iocutus
946 5475 986 5518 est
994 5467 1111 5519 dominus
1121 5466 1155 5519 ad

858 5562 969 5612 moysen.

761 5636 806 5678 nv,
820 5626 899 5678 Facta
911 5633 968 5677 sunt
980 5624 1102 5690 encenia).

1516 611 1744 706 fflmuffl.

1575 859 1665 932 §tria
1677 862 1717 925 ir}

1398 991 1460 1056 Ad
1477 1001 1625 1057 sanctum
1646 993 1862 1077 apollenarem
1872 989 1894 1054 2.

1241 1115 1373 1190 Praesta,
1390 1136 1578 1199 quesumus,
1593 1117 1804 1202 omnipotens
1827 1115 1919 1189 deus,
1936 1125 1974 1181 ut
1995 1115 2100 1198 digni·

1195 1223 1249 1279 tas
1291 1215 1489 1279 conditionis
1530 1214 1676 1297 humane
1718 1236 1778 1298 per
1823 1214 2100 1279 inmoderantiam

1196 1315 1344 1378 sauciata
1367 1312 1570 1378 medicinalis
1592 1313 1792 1398 parsimonie
1815 1313 1927 1377 studio
1946 1310 2100 1377 reforme-

1196 1422 1258 1478 tur.
1305 1413 1390 1478 Pera

1567 1510 1698 1576 Secreta
1707 1509 1729 1574 ³.

1242 1635 1388 1700 Domine
1400 1635 1482 1699 deus
1498 1645 1618 1709 noster,
1631 1634 1687 1717 qui
1700 1636 1733 1699 in
1745 1633 1797 1697 his
1813 1634 1923 1716 potius
1935 1635 2101 1714 creaturis,

1198 1757 1280 1819 quas
1299 1737 1342 1801 ad
1359 1734 1546 1818 fragilitatis
1565 1745 1686 1799 nostrae
1708 1734 1893 1799 subsidium
1915 1735 2101 1812 condidisti,

1198 1847 1323 1919 tuoque
1339 1835 1464 1900 nomini
1480 1855 1617 1898 munera
1633 1834 1754 1898 iussisti
1770 1834 1912 1899 dicanda
1926 1835 2101 1912 constitui;

1198 1936 1315 2018 tribue,
1345 1955 1534 2018 quesumus,
1565 1942 1603 1997 ut
1641 1943 1675 1998 et
1712 1935 1781 2016 uite
1811 1933 1906 1997 nobis
1939 1934 2102 2016 presentis

1198 2034 1372 2111 auxilium,
1400 2042 1434 2097 et
1462 2032 1647 2098 eternitatis
1677 2032 1819 2098 efficiant
1849 2043 2101 2098 sacramentum.

1200 2135 1263 2199 Per
1276 2134 1472 2200 dominum!

1560 2230 1733 2314 Proefatrb.

1243 2357 1288 2424 U.
1305 2357 1349 2420 D.
1372 2364 1496 2421 aeterne
1518 2355 1610 2421 deus.
1655 2355 1723 2440 Qui
1745 2355 1793 2420 sic
1816 2375 1876 2420 nos
1898 2354 2016 2421 tribuis
2037 2357 2103 2421 sol·

1199 2458 1311 2521 temne
1326 2456 1386 2522 tibi
1409 2455 1536 2521 deferre
1557 2456 1723 2531 ieiunium,
1740 2465 1777 2520 ut
1799 2465 1866 2520 tuae
1888 2455 2103 2540 indulgentia

1200 2575 1369 2639 speremus
1384 2575 1445 2619 nos
1467 2555 1636 2638 percipere
1658 2553 1852 2621 subsidium.
1896 2553 1953 2620 Sic
1972 2576 2032 2620 nos
2055 2558 2104 2621 in·

1201 2656 1309 2721 stituis
1324 2655 1367 2720 ad
1383 2653 1581 2719 celebranda
1597 2654 1766 2738 paschalia
1780 2654 1874 2730 festa,
1894 2663 1931 2719 ut
1954 2675 2015 2738 per
2030 2655 2103 2722 haec

1200 2755 1415 2839 adquiramus
1429 2755 1552 2838 gaudia
1566 2754 1779 2839 sempiterna.
1828 2753 1891 2819 Per
1907 2754 2066 2821 christum
2074 2753 2097 2818 ⁴.

1496 2934 1559 2999 Ad
1576 2935 1806 3019 cmnplendum.

1244 3057 1345 3141 Quod
1371 3079 1429 3126 ore
1453 3059 1665 3144 sumpsimus,
1690 3060 1834 3137 domine,
1861 3067 1972 3126 mente
1996 3061 2104 3145 capia·

1202 3183 1284 3240 mus,
1296 3173 1330 3226 et
1341 3162 1385 3226 de
1397 3182 1532 3226 munere
1547 3161 1721 3243 temporali
1734 3161 1793 3226 fiat
1808 3160 1904 3225 nobis
1920 3163 2102 3226 remedium

1201 3262 1449 3346 sempiternum.
1494 3263 1556 3327 Per
1571 3262 1743 3327 dominum
1759 3270 1933 3328 nostrum.t

1508 3436 1615 3520 Super
1628 3435 1794 3520 populum.

1245 3563 1331 3630 Esto
1339 3563 1365 3642 ⁶,
1379 3584 1567 3647 quesumus,
1586 3562 1730 3640 domine,
1745 3560 1907 3645 propitius
1923 3559 2013 3644 plebi
2028 3570 2104 3640 tua,

1202 3675 1240 3730 ut
1265 3685 1340 3749 quae
1366 3664 1426 3730 tibi
1455 3684 1522 3728 non
1548 3662 1682 3749 placent
1706 3655 1942 3750 respuen[te]s,
1971 3670 2104 3725 tuorum

1202 3765 1312 3847 potius
1330 3758 1553 3851 replea[n]tur
1568 3761 1844 3829 delectationibus
1860 3761 2103 3826 mandatorum.

1204 3869 1266 3933 Per
1281 3868 1478 3934 domimus

1577 4099 1667 4173 nala
1682 4099 1734 4165 bl?

1429 4244 1492 4309 Ad
1509 4254 1657 4310 sanctum
1678 4242 1878 4328 stephanum.

1248 4369 1413 4438 Cordibus
1428 4372 1556 4450 nostris,
1568 4371 1712 4448 domine,
1724 4371 1866 4454 gratiam
1882 4379 1975 4435 tuam
1990 4368 2105 4452 benig·

1204 4497 1266 4541 nus
1303 4475 1446 4552 infunde,
1483 4485 1521 4540 ut
1557 4484 1695 4558 peccata
1737 4484 1852 4538 nostra
1887 4473 2105 4554 castigatione

1203 4575 1389 4641 uoluntaria
1412 4574 1614 4652 cohibentes,
1636 4573 1863 4657 temporaliter
1891 4573 2003 4656 potius
2033 4593 2104 4636 ma-

1711 4769 1778 4810 con.
1794 4757 1921 4808 Mueuto
1932 4756 2011 4809 uerbi.

1711 4842 1764 4902 (ur.
1779 4836 1869 4887 Orauit
1880 4836 1963 4886 daniel
1976 4835 2010 4885 nd
2024 4835 2104 4886 domi·

1808 4931 1876 4972 uum,
1888 4915 1980 4965 dicens.

1709 5005 1756 5046 nu.
1780 4993 1899 5059 Rogabat
1927 4993 2024 5043 ihesum
2050 4991 2104 5057 qui-

1809 5071 1889 5136 mm).

1235 4759 1245 4791 ¹
1261 4771 1287 4813 Α.
1302 4760 1395 4811 Omnia
1406 4774 1455 4826 que
1466 4761 1555 4810 iecisti.

1263 4850 1300 4890 rs,
1314 4839 1424 4903 Magnus
1434 4838 1559 4890 dominus.

1263 4929 1289 4969 R.
1304 4916 1400 4966 Tollite
1410 4917 1513 4968 hostias.

1264 5007 1290 5047 v.
1305 4994 1446 5045 Reuelnbit.

1263 5084 1307 5125 or.
1322 5073 1401 5138 Super
1411 5073 1522 5125 flumina.

1235 5151 1246 5182 ⁸
1261 5150 1442 5218 Apollinum,
1455 5153 1518 5204 Roda
1528 5151 1560 5202 V·

1235 5231 1245 5262 ⁸
1262 5227 1327 5281 Haee
1337 5230 1428 5292 hostie,
1440 5229 1506 5290 dne,
1519 5236 1565 5280 ete.
1581 5228 1643 5279 Bod.
1686 5227 1696 5260 ⁴
1712 5229 1743 5280 Ο.
1754 5245 1780 5295 p.
1793 5243 1848 5295 309.
1861 5229 1888 5280 Z.
1939 5229 1950 5259 ⁵
1965 5225 2062 5278 Adesto
2075 5227 2101 5278 L

1236 5309 1288 5359 Ἀ.
1308 5307 1426 5359 Miserere
1440 5308 1510 5370 mihi,
1522 5307 1630 5369 domiue,
1711 5318 1754 5360 or.
1769 5306 2071 5368 Benedictusee,domine,
2079 5311 2105 5355 et

1335 5389 1453 5453 qnoniam
1465 5386 1580 5437 tribulor.
1808 5402 1858 5436 nou
1869 5385 1961 5437 uades

1264 5477 1301 5517 ra
1316 5466 1346 5516 In
1360 5472 1393 5524 te,
1404 5465 1512 5522 domine,
1523 5463 1628 5530 speraui.
1711 5475 1777 5516 corr.
1792 5464 1833 5514 Ne
1844 5463 1974 5514 tradideris
1984 5478 2033 5514 me.

1266 5556 1292 5596 ι.
1307 5544 1413 5595 Pacifioe
1424 5544 1596 5610 loquebantur.
1712 5545 1783 5606 (uec.
1798 5541 1870 5593 Dixit
1880 5541 2019 5594 hieremias.

1267 5633 1293 5676 v.
1308 5621 1410 5685 Uidistl,
1427 5622 1536 5684 domine,
1553 5637 1585 5673 ne
1601 5619 1633 5672 ei·
1712 5632 1757 5673 ιν.
1772 5621 1934 5688 collegerunt
1944 5617 2095 5687 pontifices).

1778 5809 1805 5860 N
