5122 6610
405 591 472 661 142
532 568 618 657 ᾗῇ.
636 569 806 658 luimus,
824 567 995 657 tinniant,
1013 567 1193 658 tiptnrarii.

401 772 593 856 angelorum
634 779 710 855 post
745 771 875 836 obitum
919 768 1110 835 mereamini
1155 767 1302 835 adscisci

400 872 524 937 Amen.

445 971 546 1055 Quod
562 970 632 1054 ipse
647 978 795 1054 prestare
805 967 828 1032 ¹.

695 1107 758 1172 Ad
774 1105 999 1190 complendum.

444 1219 579 1306 Repleti
611 1218 769 1285 alimonia
799 1219 923 1285 caelesti
953 1227 988 1284 et
1014 1219 1153 1304 spiritali
1178 1220 1299 1304 poculo

401 1321 546 1399 recreati,
579 1341 776 1403 quaesumus,
811 1321 1022 1404 omnipotens
1056 1316 1146 1399 deus,
1182 1329 1219 1385 ut
1256 1319 1299 1384 ab

400 1421 496 1487 hoste
511 1419 656 1504 maligno
677 1419 846 1499 defendas,
862 1441 946 1503 quos
960 1440 1020 1503 per
1033 1419 1160 1503 lignum
1175 1429 1298 1484 sanctae

400 1521 503 1586 crucis
514 1521 572 1586 filii
584 1521 641 1600 tui,
653 1517 836 1606 arma(mis)
849 1521 982 1586 iustitiae
994 1539 1054 1602 pro
1066 1519 1171 1584 salute
1184 1520 1298 1585 mundi

399 1618 603 1705 triumphare
618 1619 749 1685 iussisti.
794 1619 857 1685 Per
872 1621 1013 1684 eundem
1022 1618 1045 1683 ².

802 1755 894 1822 Alia.

441 1870 544 1948 Deus,
556 1868 608 1936 cui
623 1879 749 1935 cunctae
765 1869 939 1935 oboediunt
954 1876 1120 1946 creaturae,
1137 1879 1171 1934 et
1185 1869 1298 1934 omnia

398 1971 502 2035 uerbo
513 1980 571 2036 tuo
580 1970 685 2034 iecisti
697 1971 730 2033 in
740 1969 911 2053 sapientia,
923 1969 1096 2053 supplices,
1108 1989 1296 2052 quesumus,

399 2069 599 2135 ineffabilem
612 2069 822 2134 clementiam
838 2079 941 2148 tuam,
952 2079 989 2133 ut
1002 2089 1084 2151 quos
1100 2089 1159 2152 per
1170 2068 1296 2152 lignum

398 2179 522 2236 sanctae
546 2169 650 2236 crucis
673 2168 730 2234 filii
745 2170 793 2234 tui
808 2171 865 2253 pio
881 2188 994 2234 cruore
1016 2189 1052 2234 es
1075 2168 1231 2251 dignatus
1246 2189 1296 2233 re·

397 2271 533 2349 dimere,
548 2278 585 2334 tu
604 2269 660 2352 qui
679 2289 714 2334 es
736 2269 863 2354 lignum
878 2269 957 2334 uitae
979 2268 1188 2352 paradisique
1203 2288 1297 2351 repa-

397 2380 488 2436 rator
509 2369 662 2434 omnibus
686 2367 720 2433 in
746 2379 781 2433 te
804 2368 1014 2435 credentibus
1038 2368 1109 2433 dira
1135 2367 1297 2451 serpentis

398 2490 527 2536 uenena
546 2469 732 2552 extinguas,
748 2478 783 2534 et
804 2489 863 2552 per
877 2469 1017 2551 gratiam
1039 2467 1172 2550 spiritus
1191 2467 1296 2533 sancti

398 2569 554 2654 poculum
569 2567 685 2635 salutis
704 2587 835 2652 semper
849 2567 1012 2633 iniundas.
1042 2568 1105 2632 Per
1120 2567 1263 2633 eundem
1273 2565 1295 2630 ³.

397 2794 451 2861 llll.
461 2813 529 2859 non
539 2795 607 2859 nat.
626 2793 740 2860 Natalr
753 2795 887 2872 mannis
901 2797 1068 2878 apostatet
1083 2795 1296 2874 mnnqutrtet.

442 2929 544 3003 Deus,
571 2927 628 3013 qui
655 2929 816 3013 conspicis
841 2929 920 3011 quia
945 2950 1006 2994 nos
1032 2929 1178 3013 undique
1208 2928 1295 2992 mala

398 3039 512 3095 nostra
537 3028 741 3113 perturbant,
768 3038 898 3113 praesta,
922 3049 1110 3114 quesumus,
1140 3038 1178 3094 ut
1206 3027 1296 3094 beati

398 3129 549 3195 iohannis
563 3128 705 3213 apostoli
717 3129 764 3195 tui
780 3128 971 3196 intercessio
984 3129 1128 3214 gloriosa
1143 3149 1204 3193 nos
1220 3148 1296 3213 pro·

399 3237 499 3314 tegat.
545 3230 632 3295 Per.t

777 3315 915 3383 Secreta.

441 3427 635 3494 Muneribus
660 3427 789 3508 nostris,
811 3448 997 3512 quesumus,
1024 3427 1167 3506 domine,
1192 3425 1295 3511 preci·

396 3525 526 3612 busque
548 3528 718 3612 susceptis,
734 3539 769 3593 et
783 3528 969 3594 caelestibus
987 3548 1047 3592 nos
1065 3527 1189 3592 munda
1205 3547 1295 3608 mys·
1349 3579 1357 3593 .

397 3628 489 3693 teriis
503 3637 537 3693 et
552 3627 732 3694 clementer
747 3628 880 3694 exaudi.
926 3629 1012 3694 Pera

692 3761 754 3828 Ad
771 3764 999 3849 complendum.

442 3873 582 3957 Reiecti,
597 3876 740 3958 domine,
755 3899 842 3963 pane
863 3875 997 3958 caelesti,
1012 3875 1056 3943 ad
1079 3874 1193 3956 uitam,
1216 3899 1295 3962 que-

398 3997 519 4053 sumus,
541 3976 725 4042 nutriamur
745 3986 913 4043 aeternam.
959 3979 1022 4043 Per
1043 3977 1216 4043 dominum
1236 3998 1293 4042 no·

397 4061 502 4142 itrum
520 4075 648 4140 ihesum
664 4075 851 4143 christum.⁷

470 4277 538 4343 mn.
552 4278 590 4343 rb.
603 4279 671 4345 mat
685 4277 863 4345 sennenn
875 4279 1007 4360 natarunt
1021 4285 1049 4345 rt
1064 4279 1199 4362 epimachi
1208 4287 1228 4345 ⁵.

442 4409 506 4489 Da,
525 4431 711 4495 quesumus,
729 4412 940 4496 omnipotens
965 4414 1055 4492 deus,
1077 4422 1115 4481 ut
1137 4415 1193 4498 qui
1215 4414 1294 4480 bea·

398 4517 507 4573 torum
528 4520 711 4594 martyrum
731 4513 882 4596 gordiani
910 4521 1011 4597 atque
1037 4511 1200 4596 epimachi
1229 4514 1295 4579 sol·

397 4609 522 4673 lemnia
541 4609 679 4675 colimus
702 4632 815 4676 eorum
838 4612 927 4695 apud
950 4622 985 4677 te
1006 4613 1294 4679 intercessionibus

397 4709 601 4774 adiuuemur.
646 4709 732 4774 Per.⁷

430 4909 438 4938 ¹
453 4909 486 4960 0·
498 4926 523 4975 r>-
538 4919 595 4976 374-

429 4986 440 5016 ¹
456 4987 486 5038 E.
499 5004 524 5053 p.
538 5001 583 5038 roa
595 4989 623 5041 Z.
640 4991 737 5042 Adesto
748 4990 828 5054 uobis,
841 4991 906 5050 dne,
916 4997 972 5054 ete,
985 4991 1049 5044 Bod.

428 5065 439 5094 ¹
456 5067 489 5117 D.
502 5067 543 5132 qui
555 5067 675 5132 praeclara
685 5069 819 5128 salutifere,
830 5077 885 5132 ete,
895 5069 977 5122 Bod.:
993 5087 1040 5122 om.
1048 5073 1075 5124 Z.

429 5141 800 5210 ‘AntaportamBodEV3
822 5149 1096 5202 elatinamE.V.Y.

453 5233 480 5272 n.
492 5222 549 5286 Ego
560 5230 644 5273 autem
655 5225 718 5274 sicut
729 5224 806 5276 olins.

456 5311 493 5348 1²8.
505 5300 572 5363 Quid
583 5300 705 5366 gloriaris.

457 5387 501 5426 nr.
514 5377 596 5428 iustus
607 5386 635 5429 ut
646 5381 739 5446 palma.

431 5455 441 5484 ⁵
456 5465 483 5504 a
495 5452 580 5504 Sancti
590 5455 635 5514 tui,
645 5457 751 5511 domine

459 5543 495 5580 rs.
508 5531 614 5598 Exurge,
625 5534 693 5586 deus

459 5620 503 5658 Αι.
516 5609 554 5660 Te
564 5618 706 5680 martyrum.

902 5239 945 5278 or.
958 5227 1046 5278 Gloria
1057 5234 1083 5278 et
1093 5228 1179 5280 honos.

901 5316 945 5357 CO.
958 5306 1053 5372 Magna
1063 5314 1107 5358 est.

903 5473 946 5512 or.
959 5461 1089 5514 Mirabilis.

903 5551 946 5591 co.
958 5541 1083 5592 Iustorum
1093 5543 1191 5594 enimse.

1505 563 1592 652 ss.
1611 565 1728 656 ner,
1747 565 1893 657 enirn,
1912 566 2087 662 aunan.

1734 766 1873 834 Secreta.

1400 863 1538 932 Hostias
1575 865 1646 946 tibi,
1682 867 1824 944 domine,
1859 869 2032 934 beatorum
2069 879 2251 954 martymm

1353 965 1503 1048 gordiani
1523 975 1625 1048 atque
1647 965 1811 1050 epimachi
1834 967 1961 1034 dicatas
1984 971 2110 1036 meritis
2136 969 2250 1056 benig·

1353 1084 1414 1130 nus
1428 1085 1570 1138 assume,
1586 1073 1620 1130 et
1641 1067 1685 1132 ad
1708 1074 1903 1150 perpetuum
1927 1067 2023 1134 nobis
2044 1071 2153 1136 tribue
2174 1093 2251 1155 pro-

1353 1164 1464 1230 uenire
1479 1163 1674 1230 subsidium.
1720 1166 1807 1230 Pers

1648 1344 1709 1409 Ad
1726 1345 1956 1430 complendum.

1394 1469 1592 1553 Quesumus,
1614 1470 1827 1555 omnipotens
1849 1473 1941 1553 deus,
1964 1482 2001 1539 ut
2025 1475 2082 1558 qui
2104 1475 2248 1542 caelestia

1349 1568 1508 1635 alimenta
1523 1570 1739 1654 percepimus,
1752 1572 2032 1640 intercedentibus
2046 1575 2169 1641 sanctis
2183 1579 2249 1644 tuis

1349 1670 1509 1752 gordiano
1524 1679 1624 1753 atque
1647 1670 1828 1755 epimacho,
1844 1692 1905 1757 per
1918 1671 1991 1740 haec
2006 1683 2120 1740 contra
2137 1677 2249 1742 omnia

1349 1766 1489 1834 aduersa
1504 1770 1699 1836 muniamur.
1744 1772 1831 1836 Per.t

1388 2031 1484 2098 illlilil.
1498 2033 1536 2097 rh.
1552 2033 1620 2098 mai
1633 2030 1746 2097 liutein
1760 2036 1927 2099 sumturum
1941 2035 2044 2108 'artri
2060 2041 2088 2100 rt
2102 2035 2218 2113 achilei,

1684 2133 1730 2193 rt¹
1743 2131 1885 2214 pennotti
1893 2136 1914 2196 ¹.

1393 2260 1534 2346 Semper
1548 2283 1619 2340 nos,
1635 2264 1779 2340 domine,
1791 2273 1975 2348 martyrum
1996 2272 2130 2332 tuorum
2148 2269 2242 2346 nerei,

1349 2369 1383 2426 et
1397 2359 1536 2440 achillei,
1549 2361 1603 2429 et³
1618 2363 1797 2447 pancratii³
1812 2364 1933 2438 foueat,
1945 2385 2134 2448 quesumus,
2146 2366 2244 2432 beata

1347 2458 1559 2542 sollemnitas,
1596 2473 1630 2529 et
1664 2471 1724 2529 tuo
1760 2463 1879 2548 dignos
1920 2465 2039 2530 reddat
2074 2467 2241 2552 obsequio.

1419 2562 1433 2601 4

1347 2562 1441 2628 Ρη.
1725 2652 1866 2717 Secreta.

1391 2774 1588 2841 Sanctorum
1611 2786 1753 2854 tuorum,
1775 2779 1920 2853 domine,
1939 2779 2029 2843 nerei
2050 2787 2083 2852 et
2106 2778 2241 2860 achillei,

1346 2875 1471 2959 atque8
1486 2879 1644 2961 pancratii
1654 2878 1676 2958 ³,
1691 2879 1751 2944 tibi
1769 2889 1865 2964 grata
1883 2880 2043 2945 confessio
2059 2892 2094 2946 et
2109 2903 2242 2948 munera

1347 2985 1459 3041 nostra
1480 2979 1700 3058 commendet,
1719 2987 1752 3044 et
1772 2987 1866 3043 tuam
1888 2980 1982 3044 nobis
2004 2980 2241 3066 indulgentiam

1347 3097 1478 3160 semper
1491 3077 1656 3161 imploret.
1701 3077 1765 3143 Per
1774 3077 1797 3143 ⁶.

1709 3253 1883 3338 Prcefatio.

1384 3375 1478 3444 U.D.
1490 3387 1613 3445 aeterne
1623 3380 1716 3446 deus.
1739 3379 1907 3465 Quoniam
1923 3387 1989 3444 ate
2001 3379 2242 3446 constantiam*

1348 3477 1439 3558 fides,
1454 3488 1524 3544 ate
1542 3479 1698 3546 uirtutem
1716 3482 1816 3546 sumit
1831 3479 2010 3556 infirmitas,
2027 3479 2073 3544 Et
2087 3480 2241 3564 quicquid

1348 3599 1381 3641 m
1396 3577 1678 3661 persecutionibus
1700 3601 1826 3644 saeuum
1842 3588 1902 3659 est,
1917 3579 2072 3662 quicquid
2089 3581 2122 3644 in
2138 3589 2243 3646 morte

1347 3675 1498 3757 terribile,
1521 3678 1662 3744 nominis
1687 3679 1736 3744 tui
1760 3678 1840 3744 iacis
1863 3678 2065 3744 confessione
2089 3679 2242 3763 superari.

1349 3775 1450 3842 Unde
1475 3775 1700 3844 benedicimus
1723 3788 1765 3858 te,
1788 3779 1931 3856 domine,
1946 3777 1979 3841 in
1999 3777 2154 3862 operibus
2169 3781 2240 3854 tuis,

1347 3884 1449 3959 teque
1477 3875 1511 3940 in
1539 3886 1729 3944 sanctorum
1758 3887 1892 3945 tuorum
1922 3876 2019 3956 nerei,
2044 3887 2079 3944 et
2106 3876 2242 3957 achillei,

1347 3984 1449 4058 atque
1484 3977 1645 4060 pancratii
1682 3979 1895 4061 prouectione
1932 3977 2115 4043 laudamus.
2182 3978 2244 4043 Per

1348 4074 1505 4141 christum
1515 4075 1537 4140 ⁷.
1961 4075 1966 4086 '

1643 4163 1705 4228 Ad
1722 4161 1949 4247 comphndum.

1391 4285 1588 4371 Quesumus,
1616 4287 1759 4368 domine,
1787 4297 1826 4354 ut
1855 4290 2029 4354 beatorum
2060 4297 2240 4373 martyrum

1347 4395 1488 4470 tuorum,
1504 4390 1591 4456 nerei
1614 4398 1648 4455 et
1670 4389 1809 4470 achillei,
1824 4399 1924 4473 atque
1947 4387 2162 4474 ‘pancratiih
2185 4391 2242 4455 de·
2304 4385 2309 4394 '

1346 4490 1591 4573 precationibus
1613 4510 1705 4556 sacra
1729 4499 1937 4555 sacramenta
1952 4510 2028 4572 quae
2042 4490 2243 4572 sumpsimus

1345 4589 1390 4653 ad
1405 4599 1473 4654 tuae
1488 4590 1584 4655 nobis
1606 4590 1777 4674 proficiant
1799 4590 1995 4674 placationis
2016 4598 2240 4674 augmentum.

1347 4690 1442 4756 Peri.

1378 4919 1410 4951 ¹·¹
1428 4921 1482 4971 Om.
1494 4920 1556 4972 Bod.
1569 4921 1599 4970 E.
1611 4920 1643 4971 V.

1378 4997 1388 5027 ¹
1404 5010 1431 5048 a
1443 4999 1508 5049 Ecoe
1519 4999 1585 5050 oculi
1597 4998 1700 5048 domini.

1407 5087 1444 5126 es.
1456 5077 1582 5134 Exultate.
1593 5075 1660 5129 iusti.

1406 5165 1450 5205 aa.
1462 5153 1625 5204 Exultabuut.

1378 5231 1419 5282 nn
1430 5231 1535 5297 entirely
1545 5231 1657 5285 ditiermt
1667 5231 1746 5284 Missa
1758 5232 1796 5284 ior
1806 5231 1844 5284 St.
1857 5233 1965 5284 Pancras
1976 5232 2035 5298 only
2046 5233 2068 5283 is
2078 5230 2200 5299 provided
2217 5233 2242 5282 ln

1377 5387 1411 5418 υ
1429 5389 1484 5440 Om.
1497 5385 1555 5438 Gel.
1917 5388 1999 5441 ‘Gel
2011 5405 2037 5456 p.
2048 5387 2105 5456 ⁶4⁶·
2117 5389 2145 5440 Z.

1376 5465 1443 5518 ⁸112.
1917 5467 2120 5520 ‘comcimtiam
2131 5468 2164 5519 O.

1376 5541 1387 5572 ⁷
1403 5543 1435 5594 0.
1447 5559 1472 5609 p.
1485 5555 1542 5610 ³19·
1554 5545 1582 5594 Z.

1377 5620 1410 5655 ⁸⁴
1428 5623 1484 5674 Om.
1495 5621 1553 5673 Gel.

1852 5011 1895 5049 or.
1907 4997 2106 5050 confitebuntur.

1852 5087 1896 5128 co,
1907 5077 2031 5135 Gaudete,
2042 5076 2109 5127 iusti.

1781 5623 1792 5654 ⁹
1808 5622 1863 5676 Gel.
1874 5639 1900 5689 p.
1912 5621 1969 5688 64⁶.
