5116 6608
417 592 488 680 246
766 587 956 664 &tatium

415 800 450 857 et
474 790 519 855 ad
548 789 773 855 confitendum
802 809 924 853 nomen
950 797 1045 855 tuum
1075 788 1178 855 libera
1204 799 1316 856 mente

414 910 591 956 curramus.
637 889 723 954 Pers

818 976 910 1043 Alia.

455 1101 533 1166 Tua
555 1121 623 1182 nos,
639 1103 783 1180 domine,
800 1125 980 1199 quesumus
1001 1103 1109 1187 gratia
1130 1103 1314 1180 benedicat,

413 1203 505 1268 etad
521 1202 624 1267 uitam
640 1203 800 1286 perducat
815 1213 983 1268 aeternam.
1022 1205 1108 1270 Pers

818 1381 910 1447 Alia.

455 1506 552 1583 Vide,
578 1506 722 1581 domine,
753 1508 961 1574 infirmitates
990 1519 1128 1590 nostras,
1153 1519 1187 1575 et
1217 1509 1314 1574 celeri

412 1607 511 1671 nobis
532 1607 658 1691 pietate
681 1628 841 1674 succurre.
888 1610 974 1674 Pers

818 1803 907 1868 Alia.

456 1926 523 1991 Fac
547 1947 615 2006 nos,
632 1929 775 2005 domine,
792 1951 980 2013 quesumus,
997 1929 1085 1995 mala
1107 1940 1220 1996 nostra
1240 1941 1313 1997 toto

412 2027 510 2092 corde
536 2048 697 2111 respuere,
724 2039 762 2094 ut
785 2029 873 2094 bona
901 2040 958 2095 tua
983 2051 1101 2114 capere
1131 2031 1311 2097 ualeamus.

413 2127 498 2192 Perr

817 2217 909 2282 Alia.

456 2339 588 2406 Delicta
611 2352 731 2420 nostra,
746 2343 888 2422 domine,
903 2344 1022 2426 quibus
1044 2345 1184 2410 aduersa
1207 2345 1313 2410 domi·

412 2449 533 2505 nantur
554 2439 717 2525 absterge,
737 2451 772 2507 et
794 2451 852 2508 tua
875 2464 935 2508 nos
958 2445 1081 2528 ubique
1103 2446 1314 2512 miseratione

411 2541 551 2605 custodi.
597 2541 684 2606 Per.t

817 2629 908 2696 Alia.

454 2751 615 2833 Absolue,
641 2775 830 2837 quesumus,
858 2756 1001 2832 domine,
1029 2765 1216 2822 nostrorum
1242 2760 1313 2823 uin-

411 2852 487 2954 cula
507 2861 726 2935 peccatorum,
749 2865 782 2920 et
804 2855 960 2939 quicquid
983 2876 1044 2939 pro
1068 2857 1115 2921 eis
1141 2878 1313 2938 meremur,

411 2952 609 3035 propitiatus
630 2963 753 3018 auerte.
801 2955 887 3019 Ρετ.γ

816 3147 909 3213 Alia.

455 3267 647 3335 Clamantes
669 3273 713 3336 ad
736 3279 778 3350 te,
801 3273 893 3349 deus,
920 3274 1095 3357 dignanter
1121 3277 1252 3355 exaudi,
1276 3288 1313 3343 ut

411 3390 471 3433 nos
493 3371 536 3434 de
556 3370 720 3452 profundo
739 3371 922 3455 iniquitatis
941 3375 1069 3457 eripias,
1084 3376 1175 3440 etad
1190 3378 1312 3460 gaudia

410 3480 535 3534 aetema
549 3471 719 3553 perducas.
765 3471 852 3535 Pent

813 3665 906 3732 Alia.

454 3786 650 3854 Ascendant
665 3791 708 3855 ad
725 3799 767 3870 te,
783 3792 925 3871 domine,
941 3812 1054 3877 preces
1070 3802 1201 3870 nostrae,
1218 3802 1252 3859 et
1268 3796 1312 3859 ab

410 3892 549 3957 ecclesia
563 3903 621 3958 tua
635 3905 788 3960 cunctam
807 3897 931 3980 repelle
946 3897 1136 3980 nequitiam.
1181 3897 1267 3962 Pers

816 4094 908 4158 Alt'a.

457 4210 611 4279 Concede
633 4215 737 4296 nobis,
752 4217 895 4297 domine,
910 4221 1041 4284 ueniam
1057 4218 1261 4294 delictorum,
1279 4229 1313 4286 et

411 4334 468 4377 eos
505 4314 561 4398 qui
598 4335 660 4379 nos
697 4317 891 4401 impugnare
930 4318 1109 4384 moliuntur
1145 4341 1312 4404 expugna.

484 4425 498 4464 Ἱ

412 4413 483 4478 Per·
817 4503 909 4570 Alia.

455 4625 597 4709 Respice
622 4645 691 4702 nos,
717 4625 907 4708 misericors,
931 4630 1023 4705 deus,
1049 4638 1083 4694 et
1107 4629 1230 4696 nomini
1255 4639 1313 4694 tuo

410 4724 533 4806 perfice
552 4727 711 4791 ueraciter
725 4726 955 4810 obsequentes.
1002 4728 1086 4794 Per.t

817 4920 909 4986 Alia.

454 5016 564 5082 Tuere
586 5038 655 5098 nos,
671 5039 811 5101 superne
834 5020 1031 5100 moderator,
1046 5031 1080 5085 et
1100 5021 1313 5105 fragilitatem

410 5125 559 5181 nostram
574 5117 638 5181 tuis
653 5117 795 5184 deiende
810 5119 969 5202 presidiis.
1014 5119 1101 5184 Per-r

818 5312 910 5378 Alia.

453 5430 560 5498 Auser
595 5455 616 5498 a
653 5437 759 5513 nobis,
789 5457 978 5519 quesumus,
1007 5438 1152 5518 domine,
1182 5448 1312 5504 nostras

411 5533 603 5613 prauitates,
626 5542 751 5600 utnon
774 5536 1033 5621 indignationem
1056 5547 1157 5618 tuam,
1182 5539 1241 5604 sed
1264 5538 1313 5602 in·

410 5629 616 5714 dulgentiam
631 5635 820 5700 sentiamus.
866 5637 951 5700 Pers

1717 585 1905 664 distorre.

1774 787 1866 854 Atia.

1412 913 1460 978 Vt
1482 933 1502 978 a
1525 913 1645 977 nostris
1666 914 1865 994 excessibus,
1881 915 2023 993 domine,
2039 923 2271 997 temperemus,

1370 1023 1428 1078 tua
1443 1034 1503 1078 nos
1518 1023 1675 1096 precepta
1689 1014 1834 1078 concede
1849 1013 1969 1098 iugiter
1982 1033 2127 1098 operare.
2172 1013 2259 1078 Pera

1774 1189 1867 1256 Alia.

1413 1312 1510 1378 Oculi
1529 1313 1632 1378 nostri
1655 1316 1699 1379 ad
1720 1324 1763 1390 te,
1782 1315 1926 1394 domine,
1941 1335 2073 1398 semper
2088 1315 2271 1394 intendant,

1369 1421 1407 1476 ut
1429 1413 1591 1478 auxilium
1617 1423 1711 1478 tuum
1737 1423 1771 1480 et
1797 1414 2054 1479 misericordiam
2080 1415 2271 1479 sentiamus.

1370 1511 1455 1578 Per.t

1774 1599 1867 1666 Alia.

1412 1723 1546 1808 Porrige
1567 1723 1671 1800 nobis,
1691 1724 1781 1798 deus,
1807 1725 1982 1790 dexteram
2004 1734 2106 1803 tuam,
2122 1733 2156 1789 et
2177 1725 2272 1788 auxi·

1368 1821 1448 1886 lium
1465 1823 1560 1890 nobis
1575 1844 1716 1908 superne
1730 1824 1860 1889 uirtutis
1875 1824 2041 1909 impende·
2087 1825 2174 1888 Per.t

1772 1999 1865 2064 Alia.

1410 2123 1545 2189 Exaudi
1568 2145 1636 2198 nos,
1653 2124 1788 2190 domine
1808 2125 1890 2189 deus
1911 2131 2031 2202 noster,
2048 2131 2082 2188 et
2098 2122 2271 2188 ecclesiam

1366 2231 1458 2288 tuam
1473 2225 1559 2288 inter
1575 2225 1689 2288 mundi
1705 2224 1852 2288 turbines
1874 2223 2099 2300 fluctuantem,
2117 2221 2273 2288 clementi

1365 2323 1604 2408 gubernatione
1619 2345 1765 2407 operare.
1812 2324 1897 2390 Pers

1774 2498 1867 2564 Alia.

1411 2625 1562 2702 Intende,
1579 2645 1770 2709 quesumus,
1786 2624 1932 2700 domine,
1948 2623 2112 2706 supplices
2136 2632 2221 2698 tuos,
2239 2633 2273 2687 et

1366 2727 1488 2808 pariter
1514 2725 1609 2791 nobis
1640 2725 1881 2808 indulgentiam
1907 2723 2015 2787 tribue
2046 2722 2209 2807 benignus
2239 2731 2274 2786 et

1366 2825 1533 2909 gaudium.
1580 2824 1666 2889 Per-r

1773 2909 1865 2975 Alia.

1411 3035 1554 3120 Respice
1579 3056 1649 3112 nos,
1672 3035 1886 3118 omnipotens
1907 3043 1942 3100 et
1969 3034 2152 3098 misericors
2179 3034 2272 3106 deus,

1367 3143 1400 3200 et
1429 3136 1473 3200 ab
1502 3136 1656 3200 omnibus
1682 3133 1949 3200 tribulationibus
1979 3133 2180 3215 propitiatus
2212 3130 2270 3196 ab·

1366 3235 1469 3299 solue.
1516 3234 1601 3299 Pera

1761 3332 1853 3396 Alia.

1409 3432 1607 3515 iniquitates
1637 3442 1767 3497 nostras
1799 3452 1841 3497 ne
1871 3429 2035 3513 respicias,
2060 3428 2272 3510 omnipotens

1365 3531 1456 3609 deus,
1478 3533 1536 3596 sed
1560 3531 1631 3596 sola
1654 3531 1751 3596 nobis
1774 3531 1997 3595 misericordia
2016 3538 2073 3594 tua
2095 3529 2201 3611 prosit
2222 3529 2271 3591 in-

1364 3631 1483 3716 dignis.
1530 3632 1636 3696 Pera.

1773 3727 1865 3792 Alia.

1407 3827 1476 3893 Fac
1500 3849 1569 3906 nos,
1597 3828 1732 3893 domine
1762 3826 1844 3891 deus
1875 3835 1995 3901 noster,
2026 3825 2092 3889 tuis
2122 3825 2272 3890 oboedire

1365 3928 1539 4007 mandatis
1553 3927 1631 4011 quia
1653 3937 1731 3991 tunc
1754 3926 1850 3991 nobis
1872 3945 2030 4009 prospera
2053 3932 2173 3990 cuncta
2195 3945 2271 4008 pro·

1365 4027 1510 4104 ueniunt,
1538 4027 1564 4091 si
1591 4036 1625 4092 te
1651 4028 1753 4091 totius
1778 4027 1857 4091 uitae
1886 4044 2066 4108 sequamur
2090 4032 2270 4089 auctorem.

1365 4125 1452 4191 Pera

1612 4335 1775 4402 drudonis
1795 4336 2015 4418 urapatinalrs.

1410 4495 1632 4580 Omnipotens
1647 4494 1847 4578 sempiterne
1862 4495 1954 4572 deus,
1969 4513 2106 4576 uespere
2114 4477 2155 4556 ‘et
2173 4507 2271 4557 mane

1366 4604 1399 4659 et
1423 4596 1558 4660 meridie
1583 4596 1792 4660 maiestatem
1819 4605 1911 4658 tuam
1938 4593 2132 4677 suppliciter
2153 4593 2272 4675 depre-

1366 4714 1487 4771 camur,
1511 4704 1556 4774 ut,
1585 4695 1734 4778 expulsis
1756 4695 1800 4759 de
1827 4693 1982 4758 cordibus
2007 4693 2128 4756 nostris
2154 4712 2271 4774 pecca-

1365 4804 1475 4857 torum
1497 4794 1650 4871 tenebris,
1674 4795 1718 4859 ad
1745 4813 1859 4858 ueram
1884 4791 2004 4868 lucem,
2029 4812 2105 4875 quae
2131 4791 2271 4855 christus

1366 4903 1426 4972 est,
1441 4912 1502 4957 nos
1516 4893 1617 4959 iacias
1631 4893 1811 4977 peruenire.
1858 4892 1919 4956 Per
1930 4890 1951 4954 ¹.

1768 5067 1862 5134 Alia.

1409 5193 1554 5270 Exaudi,
1574 5194 1718 5272 domine,
1739 5191 1881 5258 samulos
1902 5201 1979 5257 tuos
2000 5190 2190 5274 uespertina
2212 5211 2272 5254 no·

1366 5294 1445 5358 mini
1471 5301 1530 5358 tuo
1556 5303 1635 5359 uota
1662 5294 1859 5372 reddentes;
1886 5301 1920 5356 et
1943 5311 2026 5375 quos
2057 5311 2116 5374 per
2140 5289 2272 5374 singula

1365 5393 1431 5457 diei
1462 5401 1632 5457 momenta
1661 5392 1799 5457 seruasti
1830 5390 1936 5456 noctis
1966 5390 2076 5474 quiete
2106 5388 2273 5454 custodire

1365 5491 1510 5574 dignare.
1556 5492 1627 5555 Per.

1705 5657 1714 5687 ¹
1731 5657 1827 5723 Ge1.p.
1840 5667 1897 5723 745·
