5122 6610
388 568 435 655 ᾖ.
453 569 587 654 fflutd.
636 569 725 645 um.
744 567 867 646 eruc.
886 569 933 655 ὦ.
952 570 1099 655 ⁴illude.

343 816 412 883 m.
426 817 486 884 irat
500 819 561 886 turc
575 816 689 884 Natali
702 820 798 886 sanct
811 821 907 894 matri,
924 821 1136 900 messalina&

337 951 437 1029 Deus,
450 952 506 1038 qui
522 952 659 1018 beatum
675 974 821 1020 marcum
838 955 1076 1040 euangelistam
1091 965 1186 1021 tuum

292 1052 489 1134 euangelicae
500 1053 733 1136 predicationis
744 1055 850 1139 gratia
862 1054 1055 1133 sublimasti,
1068 1057 1184 1132 tribue,

292 1170 476 1233 quesumus,
498 1153 567 1217 eius
591 1175 651 1218 nos
672 1174 804 1237 semper
826 1165 860 1221 et
882 1157 1066 1222 emditioue
1087 1156 1186 1241 proli·

291 1269 362 1314 cere
376 1259 410 1315 et
425 1252 573 1317 oratione
589 1252 731 1319 delendi.
778 1254 839 1319 Per
847 1252 872 1320 ².

667 1432 806 1498 Secreta.

332 1553 427 1621 Beati
448 1556 548 1622 marci
571 1556 786 1641 euangelista
808 1557 857 1623 tui
880 1558 1102 1627 sollemnitate
1125 1562 1184 1628 tibi

292 1674 424 1719 munera
446 1654 641 1734 deferentes,
665 1677 853 1741 quesumus,
876 1661 1019 1740 domine,
1041 1670 1078 1726 ut
1100 1661 1185 1726 sicut

291 1753 380 1817 illum
407 1755 589 1837 predicatio
614 1756 805 1840 euangelica
828 1757 906 1824 lecit
927 1759 1115 1844 gloriosum,
1138 1762 1184 1824 ita

291 1874 348 1917 nos
381 1854 449 1918 eius
478 1855 667 1948 intercessio
693 1865 727 1922 et
758 1856 860 1922 uerbo
883 1867 917 1924 et
941 1881 1040 1943 opere
1066 1861 1184 1925 reddat

290 1962 448 2036 acceptos.
494 1955 558 2019 Per
567 1953 589 2020 ³.

507 2199 511 2206 ,
580 2128 642 2193 Ad
658 2130 884 2214 complendum.

332 2251 444 2320 Pasti⁴
459 2253 532 2320 cibo
548 2252 731 2342 spiritali(s)
743 2256 907 2334 alimonie,
924 2279 1113 2342 quesumus,
1126 2263 1185 2327 do·

291 2355 375 2418 mine
394 2354 477 2418 deus
499 2362 618 2434 noster,
642 2365 679 2420 ut
701 2358 792 2439 quod
816 2360 975 2441 mysterio
997 2359 1185 2443 frequenta-

292 2473 369 2532 mus,
381 2453 604 2518 intercedente
619 2455 719 2520 beato
735 2477 846 2522 marco
862 2459 1072 2543 euangelista,
1085 2461 1184 2544 plena

292 2553 408 2618 uirtute
423 2573 664 2637 consequamur
672 2553 695 2620 ⁶.

328 2797 369 2863 lic
380 2799 554 2864 brutalium
569 2798 687 2864 ccclesia
700 2805 807 2865 sanna
821 2803 916 2867 marte
930 2808 968 2869 ab
980 2808 1152 2888 martures&

332 2933 496 3014 Concede,
532 2955 720 3017 quesumus,
756 2936 967 3020 omnipotens
1012 2941 1104 3019 deus,
1139 2942 1183 3006 ad

291 3055 398 3099 eorum
415 3055 475 3100 nos
490 3035 612 3118 gaudia
634 3043 757 3099 aetema
777 3037 971 3120 pertingere,
987 3040 1030 3104 de
1044 3060 1184 3122 quorum

292 3155 348 3199 nos
365 3135 486 3200 uirtute
501 3134 617 3199 tribuis
632 3154 742 3199 annua
762 3135 1008 3221 sollempnitate
1029 3141 1183 3222 gaudere.

293 3234 372 3299 Per.t

668 3319 807 3388 Secreta.

334 3445 440 3530 Super
460 3445 531 3524 has,
556 3466 744 3530 quesumus,
768 3447 912 3525 domine,
933 3447 1060 3515 hostias
1086 3450 1184 3516 bene

795 3681 838 3722 or.
851 3673 940 3723 Gloria
952 3681 985 3726 et.

794 3760 838 3800 ce.
849 3751 965 3812 Posuisti,
980 3751 1087 3804 domine.

323 3671 331 3700 ¹
347 3683 372 3720 A
384 3671 441 3735 Ego
452 3677 537 3719 autem
547 3669 617 3720 sicut.

348 3762 384 3802 1²&
398 3748 465 3815 Quid
476 3748 599 3814 gloriaris.

349 3840 392 3878 Al..
405 3828 490 3878 Iustus
501 3833 529 3876 ut
540 3827 633 3893 palma

322 3907 356 3959 St.
373 3905 449 3957 Mark
466 3906 488 3956 is
504 3905 713 3956 commemorated
729 3921 762 3956 on
779 3907 821 3958 vii.
840 3907 899 3960 Ksl.
917 3909 980 3960 Mai.
996 3909 1022 3960 iu
1040 3911 1076 3969 Z,
1091 3911 1185 3962 witha

292 3985 395 4046 Pretace,
407 3983 456 4036 sud
468 4001 484 4034 a
494 3983 606 4034 different
616 3983 670 4034 Sec.
681 3983 732 4034 and
743 3984 869 4038 Postcom.

322 4063 332 4094 ²
347 4065 472 4130 Pus-401
485 4061 549 4128 Su·
562 4071 618 4127 rst-

321 4143 377 4192 ’R
388 4142 414 4193 S,

322 4221 370 4273 Sec.
390 4220 474 4278 Hanc,
492 4217 558 4277 dne..
577 4233 611 4284 q,
628 4219 782 4272 oblationem
803 4237 850 4287 pro
867 4225 1103 4276 commemoratione
1118 4223 1185 4276 besti

292 4301 365 4352 marci
377 4299 424 4350 tibi
436 4297 549 4350 oblatum
560 4297 666 4362 benigne
677 4306 801 4358 contuere,
814 4307 839 4373 et
851 4307 940 4366 presta
952 4309 979 4352 nt
990 4301 1083 4353 nomini
1096 4310 1141 4353 tuo
1152 4304 1184 4354 sd

291 4379 402 4444 gloriam,
415 4383 440 4426 et
451 4376 523 4426 uobis
534 4375 648 4441 proficiat
660 4376 692 4426 sd
704 4377 836 4429 medelam.
870 4379 924 4431 Per.
941 4380 969 4432 Z.

328 4473 347 4510 ÷
362 4455 489 4522 Proestrtio.
509 4455 543 4504 Et
553 4470 599 4506 uos
610 4459 635 4505 te
645 4455 737 4521 iugiter
748 4456 905 4516 conlaudare,
917 4459 1069 4521 benedicere,
1082 4466 1108 4510 et
1123 4476 1184 4525 prae·

291 4537 378 4592 dicare,
392 4535 435 4600 qui
451 4533 606 4599 perbeatum
623 4548 735 4584 marcum
754 4535 933 4600 euangelistant
948 4543 1023 4603 atque
1040 4538 1184 4604 pontificem

291 4614 419 4665 mmuimus
429 4627 577 4678 cognoscere
588 4611 634 4662 filii
645 4611 683 4662 tui
693 4614 871 4664 iucarnationis
885 4621 911 4664 et
921 4611 1060 4666 diuinitatis
1070 4617 1185 4668 mirabile

291 4693 438 4757 mysterium.
471 4690 581 4740 Petimus
596 4706 656 4755 ergo
667 4691 862 4743 misericordiam
873 4700 950 4755 tuam,
962 4701 997 4750 ut.
1008 4711 1039 4745 eo
1054 4703 1183 4756 annuente,

292 4771 349 4822 fides
370 4775 455 4821 nostra
474 4783 578 4834 operum
596 4771 742 4820 executione
762 4779 869 4834 ornetur,
887 4779 913 4822 et
931 4775 1118 4838 perseuerantiae
1136 4773 1185 4824 fine

292 4849 423 4900 claudetur.
456 4849 512 4900 Per.
529 4848 556 4897 Z.

321 4931 431 4979 Adrum.
454 4926 562 4978 Tribust
574 4927 656 4989 uobis,
675 4944 708 4993 q.,
723 4928 785 4989 dne,
801 4929 946 4980 continuum
962 4937 1006 4980 tus
1022 4939 1108 4981 sanctu
1123 4947 1185 4995 prse-

291 5006 385 5066 sidium,
394 5022 446 5073 quo
454 5007 523 5057 besti
534 5007 612 5056 marci
620 5006 781 5071 euangelistae
790 5008 826 5056 tui
838 5008 962 5074 precibus
971 5025 1017 5059 nos
1025 5008 1058 5059 ab
1070 5010 1185 5060 omnibus

291 5105 383 5154 semper
393 5095 508 5137 tueamur
517 5086 633 5138 aduersis.
668 5087 723 5138 Per.
741 5086 768 5137 Z.

321 5167 330 5198 ⁴
346 5167 442 5218 Refecti
453 5167 478 5217 S.

320 5244 331 5276 ⁴
346 5259 372 5296 A.
382 5245 513 5296 Terribilis
523 5253 568 5296 est.

347 5337 383 5375 ss.
400 5325 525 5374 Dominus
541 5323 653 5389 regnauit
669 5323 711 5373 de-

840 5167 850 5195 ⁵
866 5165 893 5216 S·
905 5183 930 5232 Ρ·
943 5167 999 5230 7³8·

795 5255 838 5294 or.
864 5244 974 5295 Domine
996 5244 1064 5307 dens,
1082 5245 1107 5294 in
1129 5245 1186 5294 sim·

893 5322 1014 5388 plicitate.

794 5412 835 5451 c0.
848 5401 946 5452 Domus
958 5417 1022 5454 mea.

796 5482 849 5542 (ss.
862 5480 923 5531 Uidi
935 5481 1073 5532 ciuitatem.

795 5569 842 5610 uu.
854 5559 981 5624 Ingressus
992 5559 1095 5624 ihesus).

417 5419 507 5454 eorem·

347 5495 373 5530 u.
384 5481 467 5532 Locus
477 5482 531 5531 iste.

347 5571 373 5611 v.
385 5560 455 5610 Deus
465 5559 504 5609 cui
516 5560 606 5612 adstat.

347 5650 391 5690 Al..
402 5637 531 5689 Adorsbo.

1447 572 1534 658 ὦῶ.
1550 571 1702 662 &thani
1721 575 1921 661 fittcmtbit.
2066 603 2133 673 143

1239 771 1340 838 dictio
1356 774 1491 857 copiosa
1505 776 1695 857 descendat,
1707 799 1782 864 quae
1798 790 1833 846 et
1844 782 2135 852 sanctificationem

1237 872 1333 936 nobis
1360 873 1539 939 clementer
1561 888 1727 959 operetur,
1748 889 1783 945 et
1805 881 1848 946 de
1870 893 2054 968 martyrum
2076 905 2136 951 nos

1237 970 1461 1038 sollemnitate
1475 974 1629 1042 laetificet.
1668 978 1758 1043 Per.tt

1535 1139 1596 1203 Ad
1607 1141 1833 1224 complendum.

1282 1259 1455 1346 Supplices
1485 1274 1521 1328 te
1552 1285 1716 1348 rogamus,
1743 1265 1953 1352 omnipotens
1982 1273 2073 1350 deus,
2100 1283 2137 1339 ut

1237 1380 1320 1443 quos
1342 1364 1407 1426 tuis
1431 1362 1536 1430 reficis
1559 1367 1773 1432 sacramentis
1795 1368 1856 1433 tibi
1880 1372 1980 1436 etiam
2006 1374 2137 1458 placitis

1237 1461 1381 1526 moribus
1396 1463 1571 1546 dignanter
1585 1466 1750 1530 deseruire
1767 1471 1939 1535 concedas.
1985 1473 2071 1538 Perr

1315 1675 1428 1744 mrsu.
1441 1677 1501 1744 tat
1515 1680 1575 1746 tun.
1599 1679 1711 1746 tiststs
1726 1685 1820 1748 sanni
1832 1685 1936 1751 crisci
1948 1705 2028 1771 papa
2038 1691 2058 1755 ¹.

1279 1810 1342 1890 Da,
1357 1832 1545 1896 quesumus,
1567 1815 1777 1898 omnipotens
1799 1818 1890 1895 deus,
1907 1831 1944 1886 ut
1966 1824 2023 1904 qui
2045 1823 2136 1888 beati

1236 1911 1351 1975 urbani
1382 1915 1537 1996 martyris
1566 1914 1614 1977 tui
1644 1925 1746 1998 atque
1769 1919 1934 2000 pontificis
1964 1920 2137 1988 sollemnia

1237 2010 1382 2089 colimus,
1395 2013 1464 2077 eius
1479 2015 1568 2095 apud
1584 2023 1618 2079 te
1631 2014 1917 2084 intercessionibus
1932 2020 2136 2088 adiuuemus.

1236 2109 1323 2174 Ρετ.γ

1616 2199 1757 2268 Secreta.

1281 2323 1365 2389 Haec
1373 2322 1492 2402 hostia,
1502 2324 1645 2404 domine,
1655 2346 1844 2409 quesumus,
1856 2331 2015 2396 emundet
2025 2344 2138 2400 nostra

1237 2422 1368 2499 delicta,
1399 2432 1433 2487 et
1465 2418 1539 2511 [ad]
1573 2425 1766 2491 sacrificium
1797 2427 2031 2497 celebrandum
2060 2434 2138 2497 sub·

1236 2523 1381 2587 ditorum
1395 2523 1455 2588 tibi
1471 2544 1608 2607 corpora
1623 2535 1817 2610 mentesque
1832 2531 2023 2597 sanctificet.
2040 2533 2126 2598 Per,t

1538 2687 1601 2753 Ad
1611 2690 1843 2773 complendum.

1281 2812 1408 2877 Reiecti
1422 2812 1670 2897 participatione
1685 2817 1829 2880 muneris
1839 2819 1931 2899 sacri,
1947 2839 2136 2904 quesumus,

1236 2914 1370 2977 domine
1385 2913 1468 2977 deus
1486 2921 1605 2990 noster,
1623 2922 1660 2978 ut
1675 2915 1766 2979 cuius
1781 2920 1997 3000 exsequimur
2010 2921 2136 2987 cultum

1234 3013 1415 3078 sentiamus
1431 3012 1594 3078 effectum.
1639 3014 1725 3079 Per.t

1313 3225 1388 3294 mu
1401 3229 1461 3293 iou.
1490 3226 1604 3293 Natali
1619 3228 1714 3293 sanci
1726 3228 1878 3294 uiccmrtris
1891 3232 2058 3312 msttptts'.

1279 3360 1382 3440 Deus,
1408 3361 1464 3445 qui
1491 3381 1552 3425 nos
1575 3359 1666 3426 beati
1696 3360 1878 3428 nicomedis
1909 3363 2062 3445 martyris
2087 3363 2136 3430 tui

1237 3461 1361 3525 meritis
1387 3470 1421 3525 et
1447 3460 1682 3525 intercessione
1707 3460 1863 3541 laetificas,
1890 3462 2036 3528 concede
2060 3482 2136 3545 pro-

1236 3560 1345 3644 pitius,
1362 3569 1399 3624 ut
1420 3560 1477 3642 qui
1500 3561 1570 3625 eius
1593 3559 1752 3625 beneficia
1772 3561 1938 3644 poscimus
1960 3561 2049 3626 dona
2069 3571 2137 3628 tuae

1236 3659 1351 3742 gratiae
1366 3679 1613 3742 consequamur.
1645 3659 1731 3724 Per.t

1614 3821 1753 3890 Secreta.

1280 3948 1429 4024 Munera,
1453 3949 1597 4025 domine,
1623 3948 1736 4014 oblata
1761 3948 1940 4026 sanctifica,
1968 3958 2010 4026 et,
2038 3949 2137 4014 inter-

1237 4048 1376 4114 cedente
1398 4046 1498 4112 beato
1526 4049 1699 4114 nicomede
1726 4056 1871 4131 martyre
1896 4059 1963 4124 tuo,
1992 4070 2052 4114 nos
2077 4070 2137 4133 per

1236 4146 1307 4212 haec
1322 4169 1343 4212 a
1357 4156 1567 4231 peccatorum
1583 4158 1768 4214 nostrorum
1785 4148 1920 4213 maculis
1935 4151 2080 4214 emunda
2089 4148 2124 4212 ³,s

1531 4309 1593 4374 Ad
1603 4310 1832 4393 complendum.

1280 4421 1453 4506 Supplices
1482 4432 1517 4488 te
1546 4443 1709 4507 rogamus,
1736 4424 1947 4508 omnipotens
1977 4426 2067 4500 deus,
2098 4435 2137 4490 ut

1744 4629 1788 4666 An.
1802 4617 1892 4668 Beatus
1904 4617 1949 4668 uir.

1743 4708 1787 4746 os.
1801 4697 1900 4747 Ueritas
1910 4711 1974 4746 mes.

1743 4786 1787 4825 c0.
1800 4775 1895 4825 Fidelis
1906 4789 2000 4825 semus.

1268 4617 1277 4646 ¹
1294 4630 1319 4668 A.
1332 4618 1478 4668 Sacerdotes
1488 4618 1532 4676 tui,
1542 4617 1649 4669 domine,

1296 4708 1333 4746 ss.
1345 4697 1482 4748 Memento.

1297 4787 1322 4825 u.
1334 4775 1421 4826 Inueni
1432 4773 1517 4824 dauid.

1296 4864 1323 4904 v.
1335 4852 1407 4903 Nihil
1417 4851 1537 4918 proficiet.

1268 4930 1279 4960 ¹
1295 4943 1321 4982 A.
1334 4931 1464 4982 letabitur
1475 4931 1561 4982 iustus

1296 5022 1332 5058 ss.
1351 5009 1456 5067 Exaudi,
1480 5008 1548 5067 deus,
1568 5008 1657 5059 oratio-

1366 5102 1432 5138 nem.
1742 5098 1787 5136 or.
1800 5087 1830 5136 In
1842 5087 1941 5137 uirtute.
1959 5093 1963 5100 '

1296 5179 1321 5216 rt.
1334 5165 1449 5226 Posuisti,
1461 5165 1568 5216 domine.
1742 5177 1785 5214 cn.
1797 5166 1892 5230 Magna
1902 5171 1947 5216 est

1269 5245 1279 5276 ³
1301 5259 1320 5298 ÷
1337 5244 1462 5310 Praefms'o.
1480 5243 1511 5294 U.
1524 5245 1557 5293 D.
1573 5249 1663 5293 saterm
1676 5244 1745 5294 deus.
1779 5245 1812 5294 Et
1828 5244 1853 5294 in
1870 5243 1983 5309 praeseuti
2000 5241 2133 5294 sestiuitste

1237 5323 1317 5375 saneti
1325 5321 1461 5373 nicomedis
1472 5322 1588 5386 martyris
1598 5321 1634 5371 tui
1647 5320 1788 5372 confitendo
1796 5321 1878 5372 laudis
1889 5322 1984 5372 hostias
1995 5321 2134 5378 immolare,

1237 5409 1356 5470 tuamque
1372 5403 1508 5452 inmensam
1524 5402 1643 5466 pietatem
1657 5398 1798 5465 implorare,
1809 5409 1837 5451 ut
1848 5402 1912 5451 sicut
1926 5401 1964 5452 illi
1980 5400 2071 5452 dedisti
2086 5415 2133 5450 cae·

1237 5466 1312 5532 lestid
1317 5481 1426 5545 palmam
1438 5479 1565 5545 triumphi,
1577 5478 1620 5538 sic,
1632 5494 1666 5540 eo¹
1675 5478 1831 5543 suffragante,
1841 5479 1914 5530 nobis
1924 5479 2132 5539 mundationem,

1238 5575 1267 5610 sc
1278 5559 1376 5608 ueniam
1392 5558 1512 5607 concedas
1523 5557 1634 5623 peccam
1651 5563 1678 5606 ut
1690 5557 1715 5606 in
1730 5563 1755 5607 te
1770 5558 1908 5609 exultemus
1923 5559 1949 5608 in
1965 5557 2133 5608 misericordis

1238 5637 1263 5688 in
1275 5652 1325 5702 quo
1336 5636 1379 5688 ille
1390 5636 1490 5688 laetatur
1500 5636 1525 5685 in
1536 5635 1625 5701 gloria.
1645 5633 1692 5685 Per
1703 5635 1822 5686 christum
1833 5637 1964 5689 domiuum
1972 5642 2093 5688 nostrum.
2105 5637 2133 5687 Z.

1743 4942 1769 4980 v.
1783 4929 1946 4981 Desiderinm.

1743 5021 1787 5059 Ar..
1800 5009 1891 5059 Rectus
1902 5007 1948 5059 uir.
