5116 6608
888 587 1032 678 1111111
1057 590 1090 662 oi
1114 587 1239 662 liiohttt
1264 587 1297 658 ni
1319 585 1503 680 ¹thttttilgm.

266 796 418 874 lra'gatoris
441 793 633 856 -atheluuoldi
666 794 756 872 patris
785 793 877 854 nostri
906 792 1077 854 defensione
1109 809 1164 868 gu·

267 893 367 962 berna,
402 899 433 949 ut
467 889 550 948 cuius
584 887 782 948 beniuolentia
819 897 1008 965 prouocante,
1045 885 1164 963 superni

267 983 375 1044 amoris
406 982 558 1042 dulcedine
591 983 745 1061 pascimur,
773 983 836 1042 elus
864 983 1029 1063 interuentu
1065 989 1164 1058 patro-

267 1079 390 1150 cinante,
400 1087 429 1136 et
443 1095 461 1136 a
474 1076 640 1154 temporalis
653 1078 721 1137 uitae
735 1076 1001 1154 perturbationibus
1018 1091 1163 1146 eruamur,

266 1182 294 1232 et
322 1171 465 1231 mansuris
492 1188 686 1249 supernorum
713 1171 821 1230 ciuium
849 1169 963 1248 gaudiis
991 1170 1161 1229 inseramur.

265 1266 322 1328 Per
341 1265 493 1327 dominum
514 1273 655 1325 nostrum.

443 1483 492 1548 tin.
507 1501 575 1564 aug.
601 1482 678 1548 Nat
693 1499 719 1548 1.
732 1483 868 1546 cannabi
882 1483 960 1560 tagis
969 1484 988 1546 ¹.

306 1616 502 1694 Omnipotens
519 1619 694 1696 sempiterne
710 1615 790 1687 deus,
805 1617 855 1694 qui
876 1617 962 1678 buius
983 1617 1040 1678 diei
1061 1617 1162 1677 locun·

264 1711 333 1770 dam
354 1713 527 1791 beatamque
548 1713 677 1772 laetitiam
697 1713 728 1770 in
749 1713 842 1772 sancti
867 1713 943 1772 serui
964 1713 1006 1771 tui
1029 1711 1162 1772 osuualdi

264 1805 476 1883 sollempnitate
491 1807 676 1878 consecrasti,
687 1804 725 1865 da
735 1807 872 1866 cordibus
881 1807 987 1866 nostris
998 1807 1039 1866 tui
1052 1806 1162 1866 timoris

264 1899 449 1978 inritamque
464 1910 663 1978 angmentum,
678 1911 710 1961 ut
724 1901 807 1962 cuius
827 1902 858 1959 ln
878 1902 959 1962 terris
981 1902 1074 1961 sancti
1095 1919 1161 1960 san-

263 1995 359 2071 guinis
383 1995 557 2056 ellusionem
577 1996 776 2068 caelebramus,
797 1995 872 2056 illius
897 1997 928 2054 in
952 1995 1025 2057 caelo
1046 1998 1161 2056 conlata

262 2091 424 2167 patrocinia
437 2091 584 2151 mentibus
599 2092 767 2151 sentiamus.
809 2091 866 2150 Per
879 2091 1031 2150 dominum
1040 2090 1058 2149 ¹.

657 2257 774 2319 Secreta.

304 2376 387 2450 Haec,
417 2377 544 2448 domine,
573 2397 739 2458 quesumus,
767 2398 896 2452 munera,
924 2398 990 2458 quae
1021 2380 1052 2438 in
1086 2380 1163 2438 beati

263 2471 396 2532 osuualdi
431 2457 713 2534 commemoratione
741 2485 799 2534 tuae
830 2475 975 2534 maiestati
1003 2474 1162 2546 offerimus,

264 2568 406 2644 benignus
421 2586 545 2629 assume.
588 2567 644 2628 Per
658 2569 811 2629 dominum
826 2581 967 2630 nostrum.

638 2737 788 2817 Proesait'o.

302 2858 340 2917 U.
355 2858 392 2917 D.
408 2867 516 2917 aeterne
530 2855 609 2918 deus
651 2857 690 2916 Et
704 2859 853 2936 praecipue
872 2876 926 2936 pro
941 2859 1050 2918 meritis
1065 2859 1162 2919 dilecti

263 2955 302 3012 tui
324 2952 457 3013 osuualdi
478 2952 530 3011 tibi
551 2952 720 3013 confitendo
741 2953 892 3013 immolare
913 2953 1006 3013 laudis
1027 2955 1160 3025 bostiam,

263 3047 311 3124 qui
336 3048 526 3124 semetipsum
549 3047 600 3105 tibi
625 3046 695 3106 lecit
722 3046 851 3106 hostiam
878 3048 995 3118 uinam;
1025 3048 1072 3107 cui
1094 3065 1162 3106 cum

264 3141 384 3200 carnalis
403 3141 630 3216 generositatem
650 3142 779 3218 parentis
799 3159 919 3200 coronae
934 3141 1163 3218 adiungerentur

263 3249 434 3296 ornamenta
450 3235 563 3312 regalis,
579 3234 714 3312 spiritalis
734 3245 835 3294 tamen
856 3236 989 3296 adtactus
1011 3235 1161 3295 incentiuo

263 3330 364 3388 uiroris
385 3329 508 3388 domum
530 3347 613 3388 suam
640 3347 726 3406 super
747 3329 926 3406 euangelicae
949 3341 1039 3408 petrae
1061 3329 1161 3390 lunda·

264 3434 361 3483 menta
382 3424 531 3483 constituit
542 3444 551 3496 ;
572 3441 714 3482 coronam
728 3442 795 3502 quae
816 3424 853 3483 de
872 3424 969 3501 lapide
986 3425 1048 3484 sine
1068 3426 1160 3484 mani·

263 3519 316 3578 bus
337 3519 437 3578 exciso
458 3517 495 3577 de
516 3527 618 3578 monte
640 3519 728 3596 capiti
750 3536 805 3580 suo
822 3518 898 3578 bene
914 3519 1042 3578 uiuendo
1059 3519 1159 3596 inponi

264 3614 383 3689 optauit
425 3611 590 3672 Praecamur
617 3630 689 3689 ergo
720 3613 905 3672 clementiam
934 3623 1021 3684 tuam,
1050 3624 1081 3673 ut
1109 3631 1161 3691 per

263 3705 325 3765 haec
339 3723 421 3766 sacra
430 3724 498 3783 quae
511 3705 604 3766 oculis
619 3716 676 3766 tuae
690 3707 849 3782 maiestatis
862 3707 892 3765 in
907 3707 969 3766 eius
982 3724 1161 3766 commemo·

264 3799 373 3858 ratione
401 3799 567 3869 deserimus,
588 3801 651 3859 eius
673 3809 796 3876 optentu
817 3801 953 3859 uitiorum
977 3800 1161 3877 squaloribus

263 3911 420 3953 careamus.
463 3892 518 3952 Per
531 3893 670 3953 christum
688 3893 841 3954 dominum
856 3903 997 3955 nostrum.

586 4064 638 4122 Ad
648 4065 837 4140 complendum.

303 4181 420 4254 Praesta,
436 4200 604 4261 quesumus,
619 4183 809 4261 omnipotens
826 4183 906 4254 deus,
922 4193 953 4242 ut
968 4184 1048 4262 quod
1062 4193 1161 4244 nostra

264 4277 441 4336 conscientia
462 4295 523 4336 non
549 4277 704 4353 praesumit,
727 4277 789 4336 eius
810 4278 859 4355 qui
884 4278 934 4337 tibi
959 4278 1080 4338 fideliter
1103 4297 1161 4338 ser-

265 4372 335 4430 uiuit
358 4371 569 4431 interueniente
593 4371 702 4431 auxilio
727 4373 868 4449 consequi
882 4390 1054 4432 mereamur.
1106 4371 1161 4432 Per

265 4465 425 4524 dominum.

355 4694 404 4760 tm
420 4712 479 4776 asp.
509 4693 682 4760 diacalatia
698 4710 723 4758 a.
733 4693 910 4771 atbrtauatti
921 4697 1068 4778 aaran.

303 4829 393 4902 Deus,
414 4829 465 4907 qui
487 4827 573 4890 nobis
595 4837 729 4887 sanctum
749 4829 920 4904 pontificem
941 4829 1159 4891 atbeluuoldum
1232 4887 1238 4900 ,

265 4923 363 4983 salutis
377 4932 494 4982 aetemae
513 4923 665 4982 doctorem
679 4923 812 4994 tribuisti,
827 4922 957 4983 concede
971 4925 1114 5002 propitius
1128 4935 1160 4983 ut

264 5018 344 5077 culus
374 5034 473 5076 annua
504 5014 700 5076 translationis
731 5014 905 5093 sollempnia
936 5017 1069 5092 colimus,
1097 5019 1159 5078 eius

265 5127 377 5188 semper
390 5110 498 5170 meritis
511 5109 682 5169 adiuuemur
695 5116 724 5168 et
738 5110 890 5186 praecibus.
932 5109 996 5170 Per.

650 5279 771 5340 Secreta.
829 5253 833 5262 .

305 5399 482 5461 Sacrificium
503 5409 638 5461 nostrum
659 5401 719 5471 tibi,
740 5399 869 5471 domine,
884 5419 1053 5477 quesumus,
1068 5403 1159 5462 sancti

361 5559 370 5589 ¹
386 5563 531 5629 Fol14oa.
890 5563 901 5593 ²
916 5564 941 5614 S.
954 5581 978 5630 p.
992 5565 1048 5630 ⁸40·

490 5640 500 5669 ¹
515 5641 571 5692 Fol.
582 5654 660 5705 150²·
687 5640 733 5693 See
744 5657 769 5708 p.
785 5642 839 5704 28⁶,
851 5650 909 5694 note
923 5657 945 5694 1.

2044 585 2115 680 287

1217 787 1303 865 patris
1324 787 1415 846 nostri
1436 783 1613 866 atbeluuoldi
1636 783 1770 862 episcopi
1792 782 1980 845 commendet
2004 785 2113 858 oratio;

1215 891 1248 942 ut
1261 882 1356 954 nobis,
1373 899 1411 940 eo
1426 879 1611 956 suffragante,
1627 879 1677 940 fiat
1694 879 1852 941 maiestatis
1865 890 1925 941 tuae
1938 876 2114 958 propitiatio,

1215 985 1245 1034 et
1271 995 1289 1034 a
1309 984 1497 1053 peccatorum
1525 983 1692 1034 nostrorum
1715 983 1855 1051 exoptata
1875 973 2018 1034 remissio.
2060 973 2116 1034 Per

1215 1068 1368 1130 dominum
1382 1077 1523 1126 nostrum.

1587 1149 1739 1228 Proesaiia.

1255 1267 1292 1326 U.
1307 1267 1344 1326 D.
1360 1277 1466 1328 aeterne
1481 1267 1560 1328 deus
1598 1267 1739 1328 Uotiuam
1760 1269 1838 1328 beati
1858 1268 2004 1346 pontificis
2025 1269 2114 1330 athel-

1214 1362 1314 1422 uuoldi
1338 1362 1557 1422 translationem
1581 1362 1631 1439 pla
1654 1363 1842 1422 ueneratione
1865 1363 2063 1436 caelebrantes,
2082 1374 2114 1425 ut

1213 1474 1281 1532 quae
1302 1474 1411 1515 cernua
1431 1456 1590 1516 deuotione
1610 1467 1774 1529 exorantes,
1789 1467 1821 1516 ut
1841 1456 1937 1535 ipsum
1958 1475 2014 1518 nos
2034 1459 2115 1535 apud

1213 1550 1398 1609 clementiam
1420 1559 1500 1608 tuam
1525 1549 1685 1610 sentiamus
1707 1548 1816 1610 habere
1838 1561 2003 1628 patronum,
2024 1569 2114 1630 quem

1213 1653 1263 1703 tua
1277 1644 1369 1720 gratia
1382 1643 1521 1720 largiente
1540 1643 1639 1703 salutis
1658 1653 1774 1703 aeternae
1794 1645 1953 1704 meruimus
1967 1646 2114 1723 suscipere

1213 1739 1391 1814 magistntm.
1434 1737 1490 1796 Per
1504 1736 1644 1797 christum
1658 1737 1811 1798 dominum
1826 1747 1967 1799 nostrum
1989 1731 1993 1742 '

1504 1879 1507 1888 Δ
1536 1893 1787 1972 Adcomplendum.

1253 2023 1294 2084 Vt
1314 2023 1377 2084 baec
1396 2042 1450 2084 nos
1468 2025 1648 2096 communio,
1664 2024 1792 2098 domine,
1807 2025 1859 2085 tibi
1876 2026 1983 2104 dignos
2000 2025 2112 2100 efficiat,

1212 2119 1314 2178 beatus
1335 2129 1416 2195 pater
1436 2129 1536 2179 noster
1557 2118 1759 2179 atbeluuoldus
1780 2120 1927 2197 suffragio,
1945 2138 2113 2197 quesumus,

1213 2212 1261 2289 pia
1274 2211 1489 2272 intercessionis
1503 2213 1644 2273 obtineat.
1685 2212 1742 2271 Per
1756 2211 1909 2272 dominum
1924 2223 2066 2275 nostrum.

1396 2427 1473 2492 sut.
1488 2427 1548 2492 ital.
1561 2431 1617 2492 tar.
1646 2427 1682 2494 S.
1697 2429 1850 2494 submonui
1863 2431 1941 2510 tagis
1950 2431 1970 2496 ¹.

1237 2558 1307 2620 0011,
1320 2560 1378 2617 Sec,
1390 2559 1468 2625 Pras..
1480 2559 1595 2609 Pasicom.
1606 2575 1634 2610 as
1645 2560 1670 2608 ln
1683 2558 1738 2612 MS.
1750 2560 1874 2611 C.C.C.C.
1888 2570 1943 2625 270.
1954 2562 1999 2613 fol.
2014 2575 2090 2626 1311.

1602 2653 1627 2703 p.
1639 2652 1694 2701 301.

1301 2813 1396 2880 lililili.
1406 2818 1539 2880 1111111.
1567 2815 1724 2897 Depositis
1737 2832 1763 2881 a.
1772 2817 1866 2900 hptini
1878 2819 2000 2901 episcopi
2009 2820 2030 2884 ¹.

1254 2945 1452 3024 Omnipotens
1467 2947 1643 3026 sempiterne
1659 2947 1741 3020 deus,
1756 2948 1806 3026 qui
1820 2967 1876 3010 nos
1889 2948 1938 3028 pia
1953 2949 2112 3010 deuotione

1213 3041 1289 3099 beati
1302 3040 1396 3118 byrini
1411 3041 1588 3102 confessoris
1603 3042 1644 3102 tui
1663 3053 1750 3120 atque
1764 3044 1888 3120 pastoris
1903 3044 1995 3103 nostri
2010 3045 2040 3104 in
2054 3043 2112 3106 boc

1213 3135 1439 3194 sacratissimum
1461 3134 1538 3196 ouile
1559 3137 1745 3214 congregasti
1756 3157 1765 3212 3
1787 3135 1928 3208 concede,
1942 3156 2110 3215 quesumus,

1212 3239 1244 3287 ut
1265 3246 1333 3287 cum
1353 3229 1460 3288 eodem
1474 3239 1591 3307 pastore
1612 3241 1712 3291 nostro
1734 3229 1773 3292 ad
1787 3231 1909 3292 caelestis
1924 3231 1991 3292 uitae
2004 3232 2113 3310 gaudia

1212 3323 1361 3399 peruenire
1375 3339 1547 3383 mereamur.
1590 3323 1646 3383 Per
1659 3323 1814 3384 dominum
1827 3335 1968 3386 nostrum.

1604 3480 1722 3542 Secreta

1254 3601 1297 3660 Sit
1317 3601 1376 3672 tibi,
1391 3601 1519 3673 domine,
1536 3611 1643 3661 nostrae
1663 3600 1828 3662 deuotionis
1849 3603 1958 3664 oblatio
1977 3616 2112 3684 accepta-

1213 3694 1284 3767 bilis,
1313 3705 1345 3754 ut
1373 3695 1459 3754 beato
1487 3695 1592 3772 byrlno
1625 3694 1794 3756 consessore
1823 3707 1874 3758 tuo
1905 3699 2110 3772 intercedente,

1213 3801 1365 3866 utrumque
1383 3797 1412 3848 et
1426 3797 1483 3846 tuae
1503 3788 1616 3864 placeat
1636 3790 1787 3864 maiestati,
1801 3799 1830 3850 et
1851 3801 1957 3852 nostrae
1979 3793 2112 3870 proficiat

1214 3882 1306 3942 saluti.
1349 3881 1404 3942 Per
1421 3882 1583 3942 dominum.

1560 4003 1568 4026 '
1588 4015 1738 4096 Praefatio.

1254 4133 1290 4192 U.
1315 4133 1351 4192 D.
1374 4143 1481 4192 aeteme
1510 4132 1591 4194 deus.
1644 4134 1705 4208 Qui
1732 4139 1851 4198 beatum
1879 4141 2013 4218 byrinum
2041 4159 2111 4201 eon·

1212 4227 1353 4288 sessorem
1377 4236 1459 4285 tuum
1481 4227 1566 4286 nobis
1591 4228 1740 4290 doctorem
1763 4232 1873 4292 donare
1901 4234 2036 4312 dignatus
2060 4253 2110 4308 es;

1212 4340 1263 4399 per
1287 4338 1377 4398 quem
1398 4339 1415 4379 a
1437 4321 1563 4380 tenebris
1584 4323 1755 4399 ignorantiae
1776 4325 1887 4387 liberati
1908 4339 2017 4404 aeterne
2037 4329 2110 4389 lucis

1212 4415 1261 4473 lilii
1288 4415 1350 4474 fieri
1374 4415 1540 4474 meruimus.
1583 4415 1642 4488 Qui
1667 4418 1747 4494 quod
1769 4438 1820 4480 ore
1848 4421 1948 4482 docuit
1974 4423 2111 4501 exemplo

1211 4509 1394 4568 monstrauit.
1436 4507 1526 4588 Cuius
1541 4509 1602 4568 uita
1614 4512 1745 4572 moribus
1759 4513 1865 4574 effulsit
1877 4517 2008 4593 egregiis,
2023 4527 2111 4593 atque

1210 4602 1356 4662 miraculis
1384 4601 1486 4674 illuxit,
1509 4621 1575 4680 quae
1604 4603 1691 4663 etiam
1720 4607 1846 4683 antiquis
1873 4608 1952 4669 libris
1976 4609 2111 4687 leguntur

1211 4697 1357 4774 inscripta,
1372 4697 1460 4755 etiam
1481 4715 1559 4757 noua
1574 4697 1680 4757 cotidie
1700 4699 1838 4760 iteranttu
1851 4702 1982 4766 infacto.
2018 4703 2110 4764 Cuius

1210 4791 1345 4870 praesenti
1367 4791 1529 4867 patrocinio
1551 4791 1720 4869 gaudentes,
1742 4804 1821 4854 tuam
1847 4813 1934 4874 super
1957 4815 2012 4857 noa
2035 4817 2110 4876 prae·

1210 4887 1342 4946 dicamus
1366 4885 1489 4962 gratiam
1511 4886 1694 4946 abundanter
1717 4887 1848 4949 effusam.
1892 4890 1947 4951 Per
1971 4892 2109 4952 christum

1210 4979 1363 5040 dominum
1377 4989 1517 5039 nostrum.

1534 5085 1586 5146 Aa
1595 5088 1784 5164 comphndam.

1252 5205 1398 5283 Mysteriis
1417 5205 1525 5279 relecti,
1546 5206 1665 5267 domine
1687 5208 1766 5281 deus,
1788 5226 1956 5286 quesumus,
1977 5221 2009 5271 ut
2032 5212 2109 5273 beati

1211 5301 1304 5378 byrini
1326 5299 1501 5361 confessoris
1526 5299 1568 5360 tui
1592 5301 1700 5378 ubique
1722 5302 1930 5364 intercessione
1957 5322 2013 5364 nos
2041 5325 2109 5383 pro-

1209 5406 1302 5472 tegas,
1327 5395 1409 5454 cuius
1431 5413 1529 5456 annua
1556 5397 1745 5458 ueneratione
1772 5397 1838 5460 haec
1865 5407 1923 5458 tuae
1950 5400 2108 5462 obtulimus

1211 5489 1360 5549 maiestati
1403 5487 1460 5549 Per
1474 5490 1634 5550 dominum.

1277 5641 1285 5671 ¹
1303 5640 1411 5694 Fol.161
1423 5643 1447 5693 b.
1839 5643 1850 5672 ¹
1866 5645 1922 5698 Fol.
1933 5645 2011 5698 1661.
