5116 6608
447 567 518 640 286

442 768 525 829 nates
553 776 635 828 actus
658 767 807 828 ualeamus
835 784 949 838 exuere,
972 774 1060 844 atque
1087 765 1219 826 smmum
1246 767 1339 825 incre·

443 872 544 923 menta
564 861 702 922 uirtutum
722 861 880 939 percipere.
922 860 985 921 Per.

815 1017 966 1098 Prresahh.

384 1209 387 1216 Α
483 1139 521 1201 U.
546 1139 584 1199 D.
610 1148 717 1200 aeterne
740 1138 821 1200 deus.
863 1138 925 1212 Qui
948 1157 1037 1200 omne
1062 1157 1156 1217 genus
1179 1137 1340 1198 humanum

442 1234 606 1297 calliditatis
634 1235 746 1313 antiqui
774 1237 919 1313 serpentis
947 1235 1108 1306 seductum,
1137 1243 1166 1294 et
1193 1251 1341 1294 consensu

440 1329 526 1408 primi
553 1330 681 1408 parentis
708 1329 908 1407 deprauatum,
930 1331 970 1390 ob
991 1330 1080 1406 idque
1108 1328 1146 1388 ab
1173 1329 1340 1388 amoenitate

441 1423 577 1504 paradysi
597 1423 761 1503 expulsum,
774 1425 941 1484 mirabiliter
959 1423 1122 1484 reformasti
1143 1441 1196 1500 per
1209 1423 1340 1498 unigeni-

440 1528 512 1579 tum.
554 1518 615 1593 Qui
635 1518 703 1577 ideo
724 1517 862 1594 dignatus
883 1529 927 1578 est
948 1519 1029 1578 nasci
1043 1518 1080 1577 de
1098 1518 1268 1577 intemerata
1282 1517 1340 1575 uir·

440 1614 509 1691 gine
522 1622 555 1672 ut
575 1629 631 1673 nos
647 1623 785 1689 purgaret
805 1613 844 1671 ab
863 1612 1007 1672 uniuersae
1028 1613 1122 1672 sordis
1143 1611 1338 1688 contagione3

440 1719 528 1786 atque
543 1708 651 1769 idcirco
666 1707 758 1767 uoluit
779 1708 881 1767 mortis
902 1707 999 1767 subire
1019 1707 1188 1784 periculum,
1204 1707 1340 1784 quatinus

439 1801 598 1862 destrueret
621 1811 729 1860 nostrae
751 1800 831 1861 necis
856 1801 1018 1878 imperium.
1060 1799 1117 1860 Pro
1145 1801 1226 1862 cuius
1251 1800 1339 1860 dilec-

439 1897 528 1968 tione,
558 1897 643 1956 beata
677 1895 761 1972 uirgo
797 1893 987 1971 aetheldrytha
1021 1895 1197 1973 contempsit
1234 1895 1340 1971 gaudia

440 1988 598 2062 mundana,
621 1999 651 2048 et
672 1989 783 2049 lucrata
806 1996 852 2047 est
876 1989 1002 2048 caelestia
1024 2007 1123 2064 regna.
1164 1987 1241 2062 Quae
1266 1989 1339 2048 duo-

438 2101 504 2143 mm
518 2083 622 2160 spretis
637 2099 740 2160 regum
753 2081 895 2154 thalamis,
910 2081 1016 2157 copula
1030 2091 1179 2158 perpetuae
1193 2082 1339 2152 castitatis,

439 2197 473 2238 ac
498 2176 645 2238 desiderio
665 2176 766 2254 gloria
787 2175 953 2254 perhennis,
975 2177 1126 2252 unigenito
1147 2186 1199 2235 tuo
1218 2177 1340 2236 domino

439 2272 521 2332 ihesu
555 2271 662 2331 christo
696 2270 800 2330 meruit
834 2270 946 2330 sociari.
989 2267 1080 2329 Cuius
1114 2270 1339 2330 misericordiam

438 2365 585 2426 humiliter
612 2365 813 2443 deprecamur,
838 2375 870 2424 ut
898 2363 1029 2424 eiusdem
1054 2364 1175 2441 uirginis
1202 2365 1340 2424 interces-

440 2461 580 2533 sionibus,
608 2459 717 2537 fragilis
749 2459 817 2518 uitae
849 2458 979 2536 expulsis
1013 2459 1190 2530 criminibus,
1218 2458 1340 2519 caelestis

438 2554 538 2633 patriae
552 2553 745 2615 hereditatem
759 2570 874 2614 sumere
889 2570 1061 2612 mereamur.
1103 2553 1159 2612 Per
1173 2571 1269 2630 quem.

763 2710 1014 2788 adimplendae.

480 2831 652 2892 Caelestibus
673 2830 768 2891 satiati
788 2831 988 2902 sacramentis,
1010 2830 1233 2891 clementissime
1257 2829 1338 2900 deus,

438 2935 518 2986 tuam
543 2926 730 3004 deposcimus
752 2925 990 2996 munificentiam,
1013 2935 1045 2984 ut
1072 2943 1124 3001 per
1146 2925 1339 2983 intementum

439 3031 548 3081 sanctae
561 3021 680 3098 uirginis
694 3019 900 3096 aetheldrythae,
915 3029 1031 3079 aetemae
1045 3018 1231 3078 beatitudinis
1252 3019 1339 3077 bene-

440 3115 504 3175 ficia
514 3115 664 3193 poscimus
678 3132 782 3192 capere
796 3113 929 3191 largiora.
970 3111 1032 3172 Per.

771 3271 824 3332 Ad
835 3282 964 3349 nepaes.

480 3393 613 3471 Protege,
627 3408 795 3471 quesumus,
816 3392 1024 3470 benignissime
1045 3392 1125 3464 deus,
1141 3391 1264 3452 famulos
1282 3400 1339 3449 tuae

440 3487 543 3549 ditioni
569 3488 683 3548 sincera
711 3485 869 3545 deuotione
897 3486 1046 3558 subditos;
1081 3495 1111 3546 et
1138 3504 1191 3563 per
1211 3485 1340 3563 gloriosa

440 3591 550 3642 sanctae
567 3581 688 3659 uirginis
703 3579 815 3652 merita,
830 3580 912 3640 cuius
933 3598 1063 3640 annuam
1083 3579 1262 3640 celebramus
1283 3578 1339 3638 fes·

440 3686 511 3748 tum,
534 3675 656 3753 dignare
680 3675 799 3753 propria
820 3675 906 3736 nobis
930 3673 1026 3734 laxare
1049 3675 1179 3746 crimina,
1200 3683 1238 3745 et,
1260 3691 1339 3732 neuo

440 3769 602 3830 facinorum
623 3769 755 3846 expulso,
776 3768 815 3829 ad
836 3769 915 3828 illam
936 3768 1058 3829 caelestis
1078 3769 1180 3846 patriae
1201 3785 1338 3828 reuocare

441 3864 655 3936 beatitudinem,
670 3862 748 3922 unde
763 3862 906 3923 existendi
920 3863 1059 3922 traxinrus
1073 3863 1224 3939 originem.
1255 3861 1317 3922 Per.

536 4085 586 4151 ih.
600 4087 652 4151 tuh
693 4085 867 4151 translatio
883 4100 909 4150 s.
922 4085 1075 4162 summost
1089 4087 1213 4168 cpiscopi
1221 4089 1241 4150 ¹.

482 4217 575 4290 Deus,
603 4219 653 4296 qui
681 4219 764 4278 iubar
791 4219 941 4278 aetherium
969 4219 1126 4278 antistitem
1150 4218 1338 4278 suuithunum

442 4312 584 4372 moderna
597 4322 763 4389 temporum
783 4312 918 4390 dignatus
936 4331 968 4373 es
987 4313 1099 4372 mundo
1118 4313 1254 4384 reuelare,
1269 4331 1339 4389 sup-

443 4405 552 4484 pliciter
565 4416 646 4467 tuam
660 4406 848 4484 imploramus
867 4407 1119 4485 omnipotentiam,
1133 4408 1269 4483 quatinus
1287 4426 1339 4484 per

442 4501 571 4579 gloriosa
596 4501 687 4578 ipsius
715 4501 807 4560 sancti
833 4503 944 4574 merita,
972 4519 1060 4578 quem
1088 4501 1159 4561 facis
1186 4520 1339 4562 coruscare

444 4595 535 4672 signis
557 4595 771 4668 miraculomm,
793 4596 924 4674 praebeas
947 4595 1032 4656 nobis
1055 4606 1084 4654 te
1112 4595 1340 4674 supplicantibus

444 4689 558 4750 famulis
585 4691 718 4749 omnium
743 4689 922 4749 incrementa
943 4690 1089 4762 uirtutum,
1106 4699 1134 4750 et
1156 4691 1340 4767 sempiternae

445 4783 585 4844 felicitatis
605 4783 768 4860 tripudium.
812 4782 890 4854 Per.¹

833 4937 953 4999 Secreta.

487 5057 597 5118 Munus
611 5058 691 5135 quod
711 5057 762 5118 tibi
783 5057 939 5133 offerimus,
954 5059 1081 5132 domine,
1096 5079 1261 5138 quesumus,
1276 5080 1340 5140 gra-

446 5161 540 5212 tanter
575 5154 698 5230 suscipe,
727 5162 755 5210 et
788 5153 965 5230 suffragante
992 5154 1070 5212 beati
1096 5155 1272 5216 confessoris
1300 5157 1340 5215 tui

447 5244 595 5305 suuithuni
619 5255 705 5323 atque
733 5246 877 5322 pontificis
906 5247 1120 5320 intercessione,
1143 5266 1246 5309 omnes
1273 5268 1340 5310 nos·

446 5349 557 5398 trorum
577 5358 671 5400 nexus
691 5341 894 5417 peccaminum
914 5341 1016 5412 soluat,
1037 5360 1071 5402 ac
1095 5342 1207 5403 lucrum
1234 5345 1340 5422 sempi-

446 5432 585 5492 ternitatis
598 5433 684 5494 nobis
704 5433 843 5512 adquirat
884 5432 948 5494 Per.

808 5580 890 5634 ¹Fol.
908 5583 984 5647 135b.
1072 5637 1076 5646 Δ

1059 562 1203 651 situas
1229 566 1261 641 ci
1284 565 1409 641 liuban
1433 565 1467 638 oi
1488 561 1674 659 {tumbam

1663 729 1667 738 ι
1715 761 1768 822 Ad
1776 761 1967 840 complendum.

1432 881 1524 956 Deus,
1538 883 1589 961 qui
1602 900 1654 960 per
1668 891 1802 943 sanctum
1821 881 2019 941 confessorem
2031 889 2114 941 tuum
2133 881 2288 942 antistitem

1393 978 1581 1038 suuithunum
1602 976 1728 1036 mederis
1748 975 1938 1053 languoribus
1954 975 2144 1046 infirmorum,
2159 977 2290 1037 concede

1392 1073 1478 1132 nobis
1492 1083 1574 1131 tuum
1594 1071 1731 1131 iuuamen
1752 1089 1805 1148 per
1818 1071 1879 1130 eius
1901 1070 2122 1148 implorantibus
2143 1071 2290 1132 interuen-

1392 1168 1503 1226 tionem
1537 1166 1688 1243 praesentis
1716 1165 1783 1225 uitae
1811 1163 1893 1243 fungi
1922 1165 2097 1237 salubritate,
2126 1176 2155 1224 et
2181 1165 2288 1226 ciuium

1392 1277 1584 1338 supernomm
1598 1259 1744 1319 societate.
1787 1257 1843 1319 Per
1857 1259 2009 1319 dominum
2026 1269 2167 1318 nostrum.

1413 1514 1524 1580 Urbim
1542 1514 1587 1578 tir
1608 1512 1722 1599 [αἰτεῖ.
1743 1511 1826 1597 cup]
1877 1512 1915 1579 S.
1935 1511 2111 1590 athelumlht
2125 1513 2272 1596 spismpft

1431 1685 1520 1759 Deus,
1536 1687 1586 1764 qui
1607 1689 1638 1746 in
1659 1686 1780 1766 preclari
1802 1686 1903 1746 sideris
1920 1685 2013 1747 sancti
2032 1685 2178 1764 pontificis
2192 1685 2290 1746 aethel-

1391 1779 1491 1841 uuoldi
1513 1783 1643 1859 episcopi
1664 1781 1863 1841 inlustratione
1882 1797 1993 1840 nouam
2006 1780 2123 1858 populis
2136 1780 2289 1858 anglomm

1391 1874 1511 1934 tribuisti
1525 1875 1619 1935 lucem
1634 1874 1774 1934 hodierna
1788 1875 1834 1934 die
1849 1874 2015 1947 clarescere,
2029 1884 2110 1934 tuam
2124 1873 2290 1951 suppliciter

1390 1969 1579 2046 imploramus
1599 1969 1791 2042 clementiam,
1806 1978 1838 2027 ut
1858 1969 1940 2028 cuius
1960 1969 2127 2044 magisterio
2141 1969 2229 2028 totius
2246 1987 2289 2027 re-

1389 2061 1505 2138 ligionis
1539 2061 1717 2122 documenta
1749 2063 1953 2139 cognouimus,
1981 2062 2055 2122 illius
2087 2070 2117 2120 et
2148 2063 2290 2140 exemplis

1390 2155 1586 2227 informemur,
1600 2165 1629 2214 et
1642 2157 1810 2233 patrociniis
1823 2155 2002 2216 adiuuemur.
2045 2155 2101 2215 Per
2114 2154 2275 2215 dominum.

1803 2311 1883 2372 Altis.

1431 2431 1521 2504 Deus,
1549 2433 1599 2509 qui
1626 2431 1798 2493 hodiernam
1826 2432 1907 2492 diem
1934 2432 2012 2492 beati
2038 2431 2221 2492 'confessoris
2248 2433 2290 2491 tui

1391 2524 1568 2586 atheluuoldi
1587 2527 1718 2604 episcopi
1736 2526 1890 2586 transitum
1909 2527 1995 2586 nobis
2016 2525 2216 2586 honorabilem
2237 2527 2287 2586 de

1391 2621 1501 2692 dicasti,
1522 2621 1654 2681 concede
1675 2620 1805 2698 popitius
1828 2630 1860 2680 ut
1883 2621 1965 2681 cuius
1985 2621 2145 2681 eruditione
2167 2620 2289 2681 caelestis

1391 2715 1458 2778 uitae
1471 2717 1579 2793 gaudia
1594 2733 1817 2794 consequamur.
1858 2716 1935 2775 Per'.

1778 2883 1897 2945 Secreta.

1432 3002 1538 3063 Oblata
1552 3004 1695 3064 seruitutis
1709 3013 1814 3065 nostrae
1829 3021 1950 3064 munera
1965 3003 2025 3076 tibi,
2041 3003 2165 3078 domine,
2180 3023 2286 3084 quesu-

1390 3115 1465 3170 mus,
1490 3117 1588 3159 annua
1612 3100 1705 3158 sarrcti
1728 3100 1817 3176 patris
1841 3099 1933 3160 nostri
1955 3098 2132 3160 atheluuoldi
2155 3101 2286 3178 episcopi

1392 3192 1591 3270 sollempnitas
1608 3183 1795 3254 commendet
1816 3204 1957 3270 accepta;
1979 3203 2012 3253 ut
2030 3194 2092 3254 eius
2107 3195 2157 3271 pia
2177 3195 2287 3272 suppli-

1391 3285 1504 3345 catione
1518 3287 1621 3346 muniti
1633 3297 1804 3348 cunctomm
1819 3297 1986 3348 nostrorum
2001 3289 2204 3348 remissionem
2218 3306 2286 3366 pec·

1390 3380 1546 3451 caminum,
1570 3391 1600 3438 et
1622 3381 1809 3441 beatitudinis
1837 3381 2019 3460 sempitemae
2047 3399 2211 3442 mereamur
2233 3383 2286 3443 oh

1391 3473 1480 3532 tinere
1494 3474 1684 3534 consortium.
1726 3474 1782 3535 Per
1796 3474 1949 3535 dominum
1963 3484 2095 3536 nostrum
2104 3477 2124 3538 ².

1754 3625 1909 3705 Proesaft'o.
1943 3597 1947 3608 ἱ

1431 3740 1468 3802 U.
1482 3743 1518 3803 D.
1535 3753 1641 3804 aeteme
1655 3744 1736 3804 deus.
1778 3743 1929 3818 Quoniam
1952 3745 2036 3806 adest
2058 3745 2144 3806 nobis
2161 3744 2286 3806 iocunda

1390 3847 1418 3896 et
1435 3837 1535 3898 uotiua
1555 3839 1706 3915 presentis
1727 3836 1785 3899 diei
1805 3839 1921 3914 laetitia;
1942 3858 2032 3918 quam
2052 3839 2206 3918 apostolici
2226 3840 2286 3898 cul·

1389 3932 1476 3992 minis
1490 3931 1602 3992 honore
1616 3933 1779 4006 sublimem,
1794 3951 1941 4012 roseoque
1962 3934 2088 4012 martyrii
2106 3950 2208 3996 cruore
2228 3932 2286 3994 sof-

1389 4025 1546 4102 lempnem‚
1561 4026 1680 4103 gloriosi
1694 4027 1840 4104 pontificis
1854 4027 2031 4088 atheluuoldi
2045 4029 2188 4088 moderna
2201 4026 2285 4088 crele-

1390 4120 1493 4179 britate
1508 4121 1705 4194 consecrasti;
1726 4130 1756 4181 et
1776 4139 1860 4199 spem
1882 4122 1967 4181 nobis
1981 4131 2061 4182 tante
2083 4122 2196 4182 fiduciae
2216 4139 2286 4182 con·

1390 4213 1485 4286 tulisti,
1498 4224 1531 4274 ut
1551 4231 1606 4274 nos
1627 4215 1756 4292 paternis
1775 4215 1838 4276 eius
1857 4215 2011 4294 suffragiis,
2024 4226 2054 4276 et
2067 4234 2086 4276 a
2099 4227 2284 4294 peccatorum

1390 4317 1554 4368 nostrorum
1576 4309 1699 4369 nexibus
1724 4309 1833 4382 solues,
1852 4320 1881 4370 et
1905 4309 1943 4369 ad
1967 4327 2058 4387 regna
2077 4309 2203 4371 caelestia
2221 4327 2285 4388 per·

1390 4402 1489 4462 ducas.
1531 4401 1570 4461 Et
1585 4402 1661 4463 ideo.

1712 4498 1765 4557 Ad
1773 4499 1961 4575 complendum.

1432 4615 1579 4687 Refectos,
1614 4616 1743 4690 domine,
1777 4617 1870 4678 uitalis
1905 4619 2050 4679 alimoniae
2089 4621 2284 4692 sacramentis,

1391 4710 1483 4770 sancti
1502 4709 1678 4770 confessoris
1693 4713 1733 4770 tui
1752 4710 1932 4772 atheluuoldi
1946 4714 2079 4791 episcopi
2092 4713 2216 4791 gloriosa
2230 4732 2285 4774 nos

1391 4803 1598 4863 intercessione
1619 4815 1748 4882 pmtege,
1770 4815 1800 4864 et
1820 4804 1858 4865 ad
1878 4815 2021 4866 aetemum
2041 4807 2163 4868 caelestis
2185 4825 2285 4868 meuse

1391 4896 1558 4956 conuiuium
1572 4898 1723 4975 peruenire
1736 4899 1874 4960 concede.
1915 4899 1993 4960 Per².

1733 5056 1787 5116 Ad
1796 5066 1944 5132 uesperum

1433 5171 1563 5250 Gregem
1580 5183 1670 5246 tuum,
1688 5186 1789 5254 pastor
1809 5186 1935 5248 aetemae,
1949 5193 2101 5248 consema,
2116 5188 2144 5238 et
2165 5179 2204 5257 pii
2226 5178 2285 5240 suf·

1425 5351 1434 5382 ¹
1451 5351 1507 5400 Fol.
1522 5351 1601 5414 1381).
1635 5351 1699 5401 This
1715 5352 1793 5410 Mass,
1809 5353 1859 5404 and
1875 5353 1931 5404 that
1947 5370 1980 5405 on
1998 5372 2024 5422 p.
2043 5355 2148 5420 287,1d.
2163 5355 2229 5422 Sep..
2244 5373 2287 5406 are

1391 5428 1489 5494 printed
1500 5438 1544 5480 ‘ex
1560 5429 1615 5480 MS.
1628 5430 1721 5482 Codice
1732 5431 1843 5483 Uticensi
1857 5440 2002 5498 peruetusto
2013 5435 2038 5484 in
2054 5435 2148 5500 Migne,
2162 5435 2218 5487 Bib.
2232 5435 2287 5485 Pat.

1393 5507 1448 5558 Lat.
1460 5507 1564 5558 exuuii
1576 5525 1602 5574 p.
1616 5507 1681 5573 105!

1424 5585 1434 5615 ¹
1451 5585 1505 5638 MS.
1517 5587 1603 5639 Vitell.
1617 5587 1724 5640 A.xriii.
1746 5587 1792 5640 See
1803 5605 1829 5655 p.
1841 5589 1897 5654 306.
