5116 6608
900 573 1045 662 ,ibilsttul
1064 575 1097 649 ui
1111 571 1238 648 ilinbttt
1254 572 1287 645 ui
1301 567 1486 666 glumilqts.
2050 588 2118 660 291

265 776 402 840 discedat.
443 775 581 838 inueniat
604 777 683 855 apud
710 786 748 850 te,
773 775 928 858 (domine),
955 777 1055 838 locum
1072 774 1166 844 uenie,
1220 772 1386 850 praedicare.
1429 769 1510 831 Inter
1528 787 1601 849 quas
1626 769 1797 829 intemerata
1820 767 1867 828 dei
1891 765 2016 846 genitrix
2037 769 2122 844 uirgo

265 875 442 952 quicumque
456 871 635 933 satisfaciens
650 873 707 932 huc
722 871 879 944 aduenerit,
894 881 923 932 et
937 873 1058 932 conscio
1067 869 1167 929 dolore
1219 867 1310 925 maria
1340 865 1468 944 gloriosa
1496 863 1611 924 effulsit.
1665 862 1742 936 Quae
1770 874 1800 923 et
1827 863 2011 940 unigenitum
2038 871 2123 921 tuum

264 969 365 1041 uictus,
388 967 487 1026 altaria
514 977 564 1026 tua
591 967 659 1026 riuis
687 985 804 1026 suanum
831 967 951 1026 elauerit
974 966 1166 1026 lacrimarum.
1219 960 1312 1018 sancti
1338 959 1454 1036 spiritus
1478 957 1702 1018 obumbratione
1728 957 1874 1034 concepit,
1897 966 1926 1016 et
1948 955 2123 1033 uirginitatis

266 1061 324 1122 Hic
353 1061 520 1140 siquando
544 1060 673 1138 populus
701 1070 767 1120 tuus
792 1061 878 1120 tristis
902 1073 1071 1136 mestusque
1095 1076 1167 1118 con·
1219 1052 1313 1130 gloria
1326 1064 1524 1131 permanente,
1539 1053 1607 1111 huic
1626 1049 1738 1110 mundo
1753 1061 1894 1110 aeternum
1907 1049 2008 1110 lumen
2020 1047 2124 1110 effudit

265 1156 385 1229 uenerit,
413 1154 579 1234 adquiesce,
608 1173 720 1233 rogare,
748 1166 777 1215 et
805 1166 924 1232 rogatus
952 1155 1079 1232 indulge.
1130 1152 1168 1212 Et
1219 1146 1334 1206 ihesum
1349 1145 1488 1206 christum
1503 1145 1657 1205 dominum
1672 1154 1814 1204 nostrum.
1856 1143 1913 1203 Per
1927 1161 2025 1222 quem.

265 1250 341 1310 ideo.

1247 1349 1309 1436 [Di
1324 1347 1450 1435 sanctis]
1465 1367 1587 1433 quatum
1599 1351 1723 1432 reliquia
1737 1351 1768 1414 in
1783 1350 1895 1416 cretata
1912 1353 2072 1415 cunbuntut
2081 1351 2102 1414 ¹.

502 1423 545 1490 lltt
562 1426 740 1490 “illlam
759 1427 936 1508 pttsbtlttt¹.
1260 1470 1298 1530 U.
1313 1471 1351 1530 D.
1369 1482 1476 1532 aeteme
1497 1471 1578 1530 deus.
1621 1470 1672 1532 Pia
1693 1469 1851 1531 deuotione
1871 1481 1951 1532 tuam
1972 1471 2124 1532 laudantes

305 1546 600 1608 U.D.aetemedeus.
629 1548 688 1621 Qui
699 1548 884 1610 dissimulatis
892 1548 1022 1626 peccatis
1030 1548 1167 1608 humauae
1220 1566 1412 1636 clementiam,
1427 1566 1478 1642 qui
1499 1565 1607 1640 sanctis
1626 1565 1682 1625 tuis
1701 1565 1788 1625 talem
1811 1565 1957 1625 contulisti
1978 1566 2124 1642 gloriam

266 1643 424 1720 fragilitatis
441 1643 528 1703 nobis
544 1643 671 1720 indignis
691 1643 901 1704 sacerdotalem
912 1643 1027 1704 coniers
1044 1644 1167 1722 dignita·
1220 1671 1251 1720 ut
1273 1678 1326 1737 pro
1348 1660 1387 1719 tui
1409 1676 1509 1718 amore
1530 1659 1667 1731 nominis,
1681 1669 1744 1718 tota
1758 1658 1939 1736 despicerent
1958 1669 2081 1730 terrena,
2096 1668 2126 1718 ul

266 1749 334 1797 tem.
368 1734 417 1796 Da
431 1738 525 1807 uubis,
540 1756 710 1814 quesumus,
724 1749 756 1797 ul
770 1738 808 1797 ud
823 1749 1009 1799 uucruuuuuiu
1023 1740 1168 1816 mysterius
1220 1763 1352 1814 amarent
1371 1754 1506 1813 caelestia.
1549 1751 1637 1812 Unde
1652 1763 1681 1812 et
1698 1771 1753 1831 pro
1773 1771 1874 1812 eorum
1892 1753 2080 1813 ueneratione
2094 1755 2125 1812 in

266 1831 446 1892 immolando
462 1831 609 1903 sacrificia,
625 1849 693 1891 cum
709 1833 898 1908 beneplacitis
917 1832 1065 1892 mentibus
1080 1832 1168 1892 iacias
1220 1849 1287 1908 1000
1298 1848 1482 1925 reliquiarum
1493 1847 1617 1918 illorum,
1627 1847 1700 1907 baec
1712 1859 1893 1906 sacramenta
1906 1847 2005 1907 salutis
2017 1858 2125 1908 uusirae

266 1926 391 1986 lutruuu·
433 1923 513 1997 Quia
532 1935 563 1985 lu
585 1925 665 1984 ⁵0¹⁰⁵
686 1925 749 1985 Sine
763 1927 901 2004 Operibus
915 1927 1052 1986 iustificas
1066 1945 1168 2004 pecca·
1221 1954 1278 2002 tuae
1295 1941 1444 2001 offerimus
1462 1942 1571 2019 pietati,
1586 1952 1618 2001 ut
1640 1943 1726 2002 tantis
1747 1942 1900 2019 pronubis
1922 1942 2126 2002 intercedenti-

266 2031 352 2080 tores.
395 2018 443 2078 Tu
458 2020 580 2097 gratiam
596 2029 717 2096 praestas
731 2020 877 2096 benignus
899 2021 1025 2098 ingratis.
1068 2021 1117 2081 Tu
1134 2039 1169 2080 ea

266 2133 333 2191 quae
346 2124 422 2174 retro
438 2124 505 2174 sunt
519 2113 651 2174 obliuisci
662 2113 809 2184 concedis,
820 2124 849 2173 et
864 2114 901 2173 ad
916 2115 1011 2192 priora
1025 2116 1169 2193 promissa

266 2209 402 2286 mysteria
436 2207 663 2268 clementissima
697 2209 909 2284 gubernatione
943 2210 1086 2286 perducis.
1131 2209 1170 2270 Et

267 2301 341 2362 iden.

462 2525 468 2538 ,
510 2467 576 2548 luta
597 2469 728 2550 pereatis.
770 2467 858 2540 linia
873 2469 926 2532 ii.¹

307 2588 344 2649 U.
364 2587 402 2649 D.
422 2599 531 2649 aeteme
552 2589 633 2650 deus.
674 2589 847 2667 Suppliciter
868 2601 896 2650 te
919 2591 1117 2668 implorantes,
1139 2601 1170 2649 ut

268 2702 322 2744 nos
338 2685 377 2743 ab
391 2683 529 2743 omnibus
544 2685 671 2761 peccatis
685 2683 844 2744 clementer
857 2685 970 2761 eripias,
984 2695 1013 2743 et
1026 2703 1044 2744 a
1058 2696 1169 2745 cunctis

267 2785 405 2852 protegas
418 2774 566 2852 benignus
580 2774 713 2835 inimicis.
754 2773 810 2834 Per
824 2775 972 2836 christum.

543 2947 593 3011 uz
612 2954 716 3012 sancta
737 2947 892 3012 latitate&

307 3064 345 3128 U.
359 3064 397 3126 D.
415 3075 522 3127 aeteme
537 3067 618 3127 deus.
660 3066 701 3127 Et
714 3068 960 3144 omnipotentiam
970 3077 1052 3127 tuam
1067 3068 1170 3145 iugiter

269 3161 432 3238 implorare,
446 3173 479 3221 ut
499 3162 530 3220 in
549 3163 829 3222 commemoratione
847 3163 980 3221 omnium
1001 3172 1170 3222 sanctorum

267 3265 392 3326 tuorum,
404 3273 506 3316 eorum
521 3255 749 3333 suffragantibus
764 3256 882 3325 meritis,
897 3267 926 3314 et
940 3257 1089 3332 praesentis
1103 3257 1171 3315 uitae

269 3348 353 3410 nobis
373 3348 544 3422 subsidium,
561 3359 591 3409 et
616 3360 732 3410 aeternae
755 3351 864 3410 tribuas
886 3351 1038 3426 praemium
1064 3351 1171 3426 sempi-

267 3455 392 3503 ternum.
428 3443 498 3517 Quo
514 3445 555 3503 sic
571 3445 719 3503 mutabilia
732 3444 813 3503 bona
826 3445 985 3520 capiamus,
997 3453 1029 3502 ut
1042 3462 1094 3520 per
1107 3443 1172 3502 haec

269 3537 305 3597 ad
319 3537 569 3598 incommutabilia
584 3538 664 3598 dona
677 3539 828 3615 peruenire
843 3538 1002 3597 ualeamus.
1036 3537 1084 3597 Sic
1099 3547 1173 3596 tem·

268 3633 375 3709 poralis
394 3632 500 3692 laetitiae
514 3643 649 3710 tempora
662 3641 818 3705 transeant,
833 3643 864 3692 ut
879 3633 921 3692 eis
941 3632 1049 3710 gaudia
1066 3633 1172 3709 sempi-

268 3739 349 3787 terna
366 3726 533 3788 succedant.
577 3726 641 3788 Per.

485 3924 534 3988 uz
555 3930 659 3989 sancta
678 3925 782 3996 maria,
805 3925 926 3989 sabbata
935 3928 956 3990 ⁴.

307 4042 346 4105 U.
365 4042 404 4104 D.
428 4054 535 4105 aeteme
559 4045 641 4106 deus.
683 4044 766 4105 Licet
786 4047 864 4105 enim
885 4048 1002 4106 castitas
1023 4045 1171 4123 uirginalis

267 4138 319 4198 tibi
341 4140 379 4199 sit
406 4138 492 4199 ualde
517 4139 659 4212 amabilis,
681 4148 781 4199 tamen
806 4139 854 4199 illa
881 4141 962 4199 omni
985 4139 1070 4199 laude
1094 4150 1172 4199 extat

268 4233 457 4310 diginissima,
485 4231 553 4311 quae
581 4251 643 4292 non
671 4233 775 4292 desinit
803 4252 867 4294 esse
896 4235 987 4310 uirgo,
1015 4243 1173 4311 postquam

268 4327 443 4386 saluatorem
464 4327 584 4404 protulit
607 4326 675 4386 huic
697 4327 819 4387 mundo.
863 4327 935 4386 Non
956 4339 1023 4387 sunt
1044 4346 1172 4405 namque

268 4429 379 4480 caeterae
408 4421 544 4481 mulieres
572 4429 694 4480 eatenus
718 4421 857 4498 insignes,
880 4423 949 4498 quia
973 4421 1052 4480 nulla
1073 4439 1173 4480 earum

268 4523 426 4594 postquam
454 4515 564 4593 genuit,
589 4515 670 4575 lucra
697 4515 871 4592 uirginitatis
895 4516 1034 4593 possedit.
1077 4515 1174 4576 Huius

268 4610 353 4686 igitur
377 4609 524 4686 genitricis
549 4619 608 4669 tuae
630 4610 765 4687 precibus
786 4609 966 4682 adiuuemur,
990 4612 1071 4670 cuius
1093 4629 1174 4670 com-

269 4704 480 4764 memoratione
494 4704 633 4762 laetamur.
676 4702 832 4763 Credimus
853 4722 980 4782 namque
1002 4722 1067 4764 eam
1089 4706 1176 4766 nobis

269 4798 421 4875 impetrare
436 4815 525 4876 posse
545 4797 669 4857 salutern
690 4815 757 4874 quae
777 4799 878 4873 genuit
899 4816 999 4874 regern
1019 4809 1106 4875 atque
1128 4817 1175 4859 sa·

270 4891 426 4962 cerdotem,
441 4891 554 4952 ihesum
569 4891 708 4952 christum
724 4891 877 4952 dominum
891 4904 1033 4952 nostrum.
1076 4891 1173 4966 Quem

270 4984 397 5046 laudaut.

668 5167 738 5232 Ulia
748 5170 770 5232 ⁵.

310 5290 348 5351 U.
362 5291 398 5351 D.
416 5301 524 5352 aeteme
544 5293 625 5353 deus.
666 5291 705 5352 Et
723 5303 751 5353 te
773 5293 801 5352 in
817 5293 1005 5352 ueneratione
1024 5310 1173 5352 sacrarum

270 5387 416 5463 uirginum
439 5386 635 5446 exultantibus
659 5387 764 5447 animis
791 5385 917 5458 laudare,
940 5387 1122 5460 benedicere,
1144 5397 1174 5447 et

334 5533 343 5564 ¹
360 5533 416 5584 Fol.
426 5544 473 5598 173
482 5549 505 5583 a.

431 5611 441 5641 ⁴
458 5611 514 5663 Fol.
525 5621 570 5678 177
579 5612 603 5663 b.

637 5534 647 5564 ¹
664 5535 810 5602 Fol.175b.
934 5536 944 5565 ³
961 5535 1106 5600 Fol.176b.

834 5613 1007 5677 'Foltgflb

1220 2038 1276 2095 bus
1289 2037 1419 2114 patronis
1434 2036 1553 2095 dextera
1569 2037 1709 2113 potentiae
1725 2047 1782 2095 tuae
1797 2054 1852 2096 nos
1867 2037 1975 2114 ubique
1990 2047 2126 2114 protegat

1221 2142 1250 2189 et
1263 2140 1353 2208 regat
1394 2129 1450 2190 Per
1464 2129 1611 2190 christum.

1378 2333 1444 2412 lura
1465 2333 1565 2397 abbati
1587 2333 1705 2414 eiusque
1724 2334 1940 2413 assurgebant
1948 2335 1969 2396 ².

1261 2453 1299 2513 U.
1314 2453 1351 2512 D.
1366 2467 1473 2514 aeterne
1488 2454 1569 2513 deus.
1613 2453 1806 2515 Clementiam
1828 2464 1907 2514 tuam
1928 2455 2030 2533 pronis
2045 2472 2127 2514 men-

1221 2549 1298 2606 tibus
1312 2549 1510 2618 obsecramus,
1521 2559 1553 2607 ut
1568 2547 1692 2607 famulos
1707 2559 1775 2608 tuos
1788 2549 1840 2608 tibi
1856 2548 1946 2609 iacias
1960 2558 2023 2610 toto
2038 2550 2127 2610 corde

1147 2686 1152 2696 .
1221 2643 1385 2714 subiectos;
1418 2652 1449 2699 ut
1474 2653 1532 2702 tuae
1561 2643 1687 2702 caritatis
1716 2643 1817 2719 spiritu
1838 2644 1939 2720 repleti
1964 2662 1983 2703 a
2006 2645 2127 2704 terrenis

1221 2737 1398 2795 mundentur
1416 2736 1631 2814 cupiditatibus,
1650 2746 1680 2795 et
1700 2736 1808 2797 caelesti
1826 2737 2012 2810 beatitudine,
2027 2748 2056 2797 te
2074 2737 2127 2798 do·

1222 2841 1319 2901 nante,
1334 2831 1416 2908 digni
1430 2831 1599 2890 efficiantur.
1641 2829 1697 2890 Per
1711 2830 1859 2890 christum.

1562 3036 1628 3115 lito
1647 3038 1782 3101 btuutu⁸.

1262 3156 1300 3217 U.
1315 3156 1352 3216 D.
1369 3167 1475 3216 aeteme
1495 3157 1575 3217 deus.
1619 3157 1678 3231 Qui
1699 3177 1731 3218 es
1751 3160 1892 3218 iustorum
1913 3158 2007 3235 gloria
2023 3169 2052 3220 et
2072 3161 2127 3218 mi·

1223 3251 1381 3310 sericordia
1408 3263 1607 3329 peccatorum,
1632 3252 1769 3328 pietatem
1798 3262 1879 3311 tuam
1906 3251 2007 3313 humili
2031 3271 2128 3330 praece

1223 3344 1418 3421 deposcimus,
1434 3355 1465 3404 ut
1487 3345 1628 3405 famulum
1649 3356 1731 3404 tuum
1747 3345 1798 3406 .Ν.
1816 3347 1961 3424 benignus
1982 3349 2127 3425 respicias,

1224 3449 1251 3497 et
1270 3440 1384 3514 pietatis
1399 3449 1456 3498 tuae
1471 3439 1620 3499 custodias
1635 3440 1795 3516 impendas,
1810 3439 1852 3498 Ut
1866 3459 1903 3500 ex
1917 3452 1981 3501 toto
1996 3442 2085 3502 corde
2099 3452 2129 3502 et

1225 3552 1260 3592 ex
1276 3543 1336 3592 tota
1347 3542 1445 3592 mente
1460 3534 1509 3592 tibi
1524 3534 1638 3606 seruiat,
1650 3544 1678 3593 et
1691 3535 1745 3592 sub
1756 3545 1806 3592 tua
1820 3552 1937 3612 semper
1947 3537 2128 3613 protectione

1225 3628 1372 3698 consistat,
1388 3637 1419 3686 ut
1433 3626 1553 3703 quando
1576 3627 1603 3686 ei
1622 3639 1752 3686 extrema
1774 3627 1836 3688 dies
1857 3628 2014 3698 aduenerit,
2034 3631 2129 3690 socie-

1225 3730 1314 3779 tatem
1326 3723 1458 3778 omnium
1473 3732 1642 3780 sanctorum
1657 3723 1804 3799 percipiat,
1816 3741 1884 3782 cum
1895 3724 2002 3800 quibus
2014 3724 2128 3784 inener-

1225 3815 1346 3872 rabilem
1374 3814 1497 3890 gloriam
1526 3816 1589 3875 sine
1618 3815 1676 3876 fine
1707 3815 1856 3894 percipiat.
1904 3817 1961 3877 Per
1989 3817 2128 3879 christum

1227 3908 1380 3967 dominum
1402 3918 1541 3968 nostmm.

1630 4101 1701 4168 atta
1709 4107 1731 4167 ⁴.

1266 4221 1304 4282 U.
1326 4222 1365 4286 D.
1387 4233 1494 4283 aeterne
1520 4223 1600 4285 deus.
1642 4225 1826 4286 Maiestatem
1854 4236 1934 4284 tuam
1963 4224 2130 4303 suppliciter

1226 4317 1434 4393 depraecantes,
1455 4329 1486 4376 ut
1507 4317 1649 4378 famulum
1671 4331 1753 4379 tuum
1769 4319 1820 4379 .N.
1842 4322 1880 4379 ab
1901 4320 2039 4379 omnibus
2060 4338 2129 4397 pec·

1226 4413 1298 4470 eatis
1312 4411 1471 4470 clementer
1485 4413 1597 4489 eripias,
1613 4426 1642 4472 et
1656 4433 1674 4472 a
1689 4415 1803 4474 cunctis
1825 4424 1962 4492 protegas
1983 4413 2130 4492 benignus

1226 4505 1358 4565 inimicis.
1401 4505 1456 4564 Per
1470 4504 1609 4566 christum
1625 4507 1777 4568 dominum
1793 4519 1933 4568 nostrum.

1484 4697 1550 4776 idco
1572 4699 1661 4762 amitt
1683 4700 1730 4763 tul
1751 4701 1872 4764 antita⁵.

1268 4817 1304 4877 U.
1327 4817 1363 4877 D.
1389 4828 1497 4878 aeterne
1526 4821 1607 4880 deus.
1651 4821 1847 4898 Implorantes
1878 4831 1936 4880 tuae
1971 4821 2129 4883 maiestatis

1226 4914 1464 4986 misericordiam,
1480 4925 1511 4974 ut
1529 4915 1645 4976 lamulae
1666 4927 1723 4975 tuae
1739 4915 1790 4974 .N.
1805 4917 1921 4975 ueniam
1940 4934 2060 4976 suorum
2074 4917 2129 4978 lar·

1226 5009 1279 5087 giri
1292 5009 1421 5086 digneris
1434 5020 1640 5086 peccatorum;
1660 5022 1691 5070 ut
1705 5012 1744 5069 ab
1755 5012 1892 5071 omnibus
1907 5012 2015 5072 inimici
2029 5013 2131 5073 uincu-

1226 5104 1260 5163 lis
1288 5103 1415 5172 liberata‚
1437 5105 1492 5163 tuis
1520 5114 1581 5162 toto
1602 5104 1690 5164 corde
1711 5105 1841 5164 inherent
1869 5104 2022 5178 mandatis,
2043 5117 2080 5179 et,
2101 5120 2131 5167 te

1227 5196 1323 5257 solum
1352 5197 1504 5256 dominum
1539 5216 1656 5275 semper
1685 5208 1746 5258 tota
1773 5199 1877 5260 uirtute
1901 5200 2010 5276 diligat,
2036 5213 2064 5262 et
2092 5202 2130 5261 ad

1226 5302 1284 5350 tuae
1298 5291 1476 5368 quandoque
1491 5291 1678 5352 beatitudinis
1698 5292 1844 5352 uisionem
1865 5295 2016 5372 peruenire
2036 5313 2130 5355 mere·

1226 5395 1297 5444 atur.
1340 5385 1395 5442 Per
1409 5383 1558 5443 christum.

1257 5536 1423 5602 ¹Fol.179a.
1514 5535 1679 5590 ’Foltdra
1770 5539 2098 5607 ⁸F01.1s3b.Seep.19o.

1389 5614 1399 5644 ⁴
1416 5615 1563 5681 Fol184b.
1796 5618 1806 5648 ⁸
1822 5617 1878 5669 Fol.
1889 5617 1935 5681 185
1943 5634 1967 5669 a.

1722 5725 1825 5800 rp2
