5122 6610
426 603 486 680 flu
502 603 654 694 sacroru
672 601 758 688 ᾗῇ.
777 599 979 694 pesulanus.
1408 598 1479 692 idn
1497 598 1658 691 brubu-
1711 599 1782 690 ltro
1798 599 1902 689 intur.
2035 618 2103 691 179

552 801 613 867 Ad
630 801 857 884 complendum.
1503 794 1565 860 Ad
1582 795 1809 879 complendum.

301 926 426 992 Diuina
445 926 587 992 libantes
611 927 777 1009 mysteria,
800 945 990 1008 quesumus,
1012 923 1154 1002 domine,
1252 918 1472 1004 Sumpsimus,
1496 921 1639 998 domine,
1665 930 1852 985 sanctorum
1878 930 2010 984 tuorum
2041 918 2105 984 sol·

260 1037 423 1094 uteorum
435 1048 495 1092 nos
507 1027 629 1111 ubique
640 1026 829 1091 intercessio
841 1033 1003 1109 protegat,
1017 1044 1154 1108 quorum
1207 1019 1354 1103 lempnia
1368 1019 1437 1106 (uel
1449 1016 1589 1106 merita),
1606 1021 1811 1086 celebrantes
1827 1005 1896 1106 (uel
1912 1017 2106 1104 recolentes)

259 1125 310 1192 hic
324 1146 418 1190 sacra
432 1127 615 1211 gaudemus
630 1125 816 1210 praesentia.
861 1124 924 1188 Per
932 1121 954 1188 ¹.
1207 1128 1412 1184 sacramenta
1427 1120 1591 1198 caelestia3
1613 1129 1745 1203 praesta,
1760 1139 1949 1202 quesumus,
1964 1128 2001 1184 ut
2016 1119 2106 1202 quod

1207 1219 1435 1301 temporaliter
1452 1220 1605 1303 gerimus,
1619 1221 1752 1284 aetemis
1773 1219 1904 1303 gaudiis
1926 1237 2106 1300 consequa-

585 1297 646 1363 Ad
656 1298 822 1382 populum.
1207 1317 1310 1384 mur¹.

300 1425 445 1502 Exaudi,
460 1425 593 1491 domine
608 1424 690 1488 deus
714 1432 832 1500 noster,
850 1420 1029 1488 clementer
1043 1420 1077 1485 in
1091 1419 1154 1484 hac

259 1527 358 1592 domo
389 1536 447 1590 tua
476 1545 590 1607 preces
624 1544 792 1589 semonrm
830 1533 971 1601 tuonrm,
1000 1521 1154 1606 quatinus
1489 1502 1601 1578 stiffi
1616 1521 1667 1586 pru
1682 1504 1830 1582 flllffissfl’·

259 1627 386 1692 Ulmum
402 1625 634 1739 meritis-trram
654 1643 893 1707 c⁰¹¹⁵‘3‘luamuf
906 1623 1056 1706 gmtiamv
1072 1641 1154 1706 ‘1¹¹⁰'
1250 1647 1352 1724 Deus,
1369 1669 1542 1733 regnonrm
1557 1649 1706 1714 omniurn
1722 1659 1756 1713 et
1774 1648 1942 1714 christiani
1958 1647 2105 1712 maxime

260 1747 330 1792 ΜΠ
345 1725 399 1791 hic
413 1733 596 1810 P²²t¹⁰c¹¹¹¹a
610 1743 813 1789 ueneram·
859 1722 929 1787 Pes·
1207 1757 1373 1830 protector
1396 1749 1533 1832 imperii,
1556 1750 1600 1813 da
1622 1750 1723 1814 seruis
1744 1750 1809 1814 tuis
1831 1748 1964 1833 regibus
1986 1746 2106 1812 nostris

1208 1846 1264 1912 .r'll.
1282 1846 1484 1932 triumphum
1503 1848 1634 1913 uirtutis
1655 1856 1722 1912 tuae
1738 1850 1878 1914 scienter
1893 1847 2055 1926 excolere,
2068 1855 2106 1911 ut

319 1981 432 2057 ΜΝ
449 1982 593 2047 tumim
609 1981 641 2044 fn
654 1979 759 2057 quw,
775 1981 904 2043 ,mnium
920 1983 1098 2044 „mm
1207 1947 1263 2030 qui
1286 1955 1345 2011 tua
1367 1947 1604 2013 constitutione
1624 1957 1700 2012 sunt
1716 1943 1795 2034 (est)
1818 1948 1980 2032 principes
2003 1943 2105 2030 (prin-

1208 2043 1300 2131 ceps)
1329 2056 1387 2111 tuo
1424 2066 1555 2129 semper
1585 2066 1719 2111 munere
1756 2049 1823 2113 sint
1851 2046 1922 2133 (sit)
1950 2055 2107 2130 potentes

302 2132 404 2211 Deus,
427 2129 484 2214 qui
510 2149 571 2193 nos
593 2128 693 2210 beate
718 2125 830 2191 mariae
861 2145 992 2208 semper
1012 2124 1156 2209 uirginis,
1208 2141 1369 2232 (potens),
1417 2146 1479 2211 Pes
1493 2147 1690 2212 dominum

261 2253 299 2297 ac
326 2232 500 2296 beatorum
530 2228 679 2293 omnium
710 2226 890 2291 caelestium
920 2226 1090 2302 uirtutum,
1122 2234 1156 2290 et

261 2339 446 2397 sanctourm
469 2325 738 2413 patriarchamm,
761 2325 1006 2410 prophetarum,
1022 2334 1156 2409 aposto·
1588 2308 1730 2375 Secreta.

261 2430 372 2506 lorum,
397 2439 588 2511 mastymm,
612 2426 846 2498 conseSSOsstm,
869 2423 1032 2508 uirginum
1055 2433 1156 2508 atque
1252 2429 1400 2514 Suscipe,
1428 2433 1570 2513 domine,
1600 2429 1712 2517 preces
1743 2445 1776 2500 et
1806 2433 1931 2500 hostias
1960 2433 2107 2498 ecclesiae

260 2531 405 2594 omnium
424 2526 521 2593 simul
543 2536 741 2602 sanctorum,
758 2526 913 2590 continua
928 2524 1076 2588 laetificas
1090 2523 1155 2588 sol·
1208 2538 1274 2596 tuae
1306 2550 1366 2615 pro
1395 2531 1503 2596 salute
1532 2532 1730 2597 famulorum
1760 2543 1892 2598 tuorum
1923 2532 1980 2598 All.
2007 2530 2108 2618 (regis

262 2628 454 2712 lempssstate
484 2623 553 2714 (uel
583 2622 766 2710 memmii),
796 2632 928 2708 Praesta,
966 2644 1155 2707 quesumus,
1209 2626 1326 2714 nostri)
1350 2631 1575 2715 supplicantis,
1599 2642 1634 2697 et
1664 2634 1697 2696 in
1726 2635 1931 2716 protectione
1959 2633 2106 2698 fidelium

261 2738 296 2794 ut
320 2749 403 2813 quos
429 2727 595 2792 COfldiaffl
622 2745 817 2791 ueneramus
838 2725 954 2800 Officio,
979 2725 1079 2806 etiam
1102 2725 1157 2808 pie
1208 2729 1405 2813 populorum
1427 2732 1565 2815 antiqua
1587 2730 1710 2796 brachii
1731 2733 1779 2798 tui
1794 2753 1929 2816 operare
1951 2731 2107 2796 miracula

261 2827 515 2894 conuersationis
530 2846 706 2910 sequamur
720 2823 887 2908 exemplo.
933 2823 995 2890 Per
1003 2826 1025 2884 ².
1208 2837 1253 2907 ut,
1277 2831 1440 2913 superatis
1466 2831 1556 2913 pacis
1586 2831 1734 2910 inimicis,
1757 2851 1870 2897 secura
1899 2833 1960 2898 tibi
1986 2832 2107 2897 semiat

1208 2928 1385 2994 christiana
1404 2929 1545 2994 libertas.
1592 2929 1677 2995 Per*

638 2998 778 3064 Secreta.

302 3129 443 3193 Munera
459 3126 530 3204 tibi,
547 3126 690 3205 domine,
706 3133 828 3188 nostrae
843 3122 1031 3188 deuotionis
1048 3122 1155 3187 oll'eri-
1530 3091 1555 3155 J
1551 3113 1574 3156 '²
1587 3093 1753 3176 frastime
1761 3095 1784 3160 ³·

263 3253 343 3308 mus,
359 3251 435 3315 quae
450 3238 485 3294 et
506 3249 566 3313 pro
588 3237 719 3293 tuorum
742 3227 802 3291 tibi
824 3236 919 3310 grata
941 3225 1007 3290 sint
1028 3223 1153 3289 honore
1252 3215 1350 3280 Hanc
1374 3216 1473 3300 igitur
1493 3216 1697 3284 oblationem
1718 3217 1833 3283 famuli
1855 3221 1903 3284 tui
1926 3218 1985 3283 a'll·
2006 3237 2106 3302 quam

261 3335 428 3408 iustorum,
445 3339 478 3395 et
494 3330 589 3395 nobis
611 3329 777 3405 salutaria,
799 3339 833 3392 te
857 3327 1041 3402 miserante,
1058 3323 1157 3414 resp).
1208 3317 1268 3381 tibi
1288 3316 1457 3382 offerimus
1480 3318 1660 3383 ministerio
1682 3319 1779 3384 officii
1801 3320 2023 3398 sacerdotalis,
2045 3337 2107 3402 pro

262 3434 389 3498 dantur.
436 3431 498 3495 Per
506 3427 529 3489 ⁸.
1209 3420 1355 3503 eoquod
1370 3428 1572 3503 potestatem
1587 3422 1714 3505 imperii
1729 3421 1876 3487 conlerre
1891 3423 2045 3506 dignatus
2060 3441 2106 3490 es,

552 3540 614 3604 Ad
631 3540 860 3624 sommium,
1208 3521 1369 3607 propitius
1383 3530 1418 3585 et
1431 3521 1595 3603 benignus
1609 3541 1748 3598 assume,
1765 3532 1799 3587 et
1818 3533 1975 3587 exoratus
1995 3530 2106 3586 nostra

305 3671 430 3734 Praesta
445 3665 549 3746 nobis,
561 3667 705 3742 domine,
722 3685 912 3749 quesumus,
928 3665 1157 3731 intercedenti·
1208 3621 1435 3736 qbsec‘atime
1456 3621 1608 3699 ⁶⁰¹¹cede⁹
1623 3630 1661 3685 ut
1684 3622 1866 3687 malestatis
1888 3631 1955 3686 tuae
1977 3631 2107 3704 Ρῐθῑθθ·

262 3771 321 3835 bus
338 3769 487 3834 omnium
503 3777 690 3833 sanctorum
715 3766 849 3844 meritis,
865 3775 903 3830 ut
917 3784 992 3848 quae
1007 3786 1064 3830 ore
1079 3784 1156 3830 con·
1206 3732 1298 3787 ηοω
1313 3719 1482 3785 ⁰⁰¹¹fide¹¹⁸
1497 3730 1531 3784 et
1546 3740 1608 3802 9¹¹⁰
1623 3730 1782 3804 augeatur
1796 3730 1831 3786 et
1845 3741 1958 3805 regn&
2009 3722 2094 3785 Pes-¹

261 3867 416 3953 tingimus
430 3885 512 3950 pura
527 3875 640 3932 mente
654 3867 834 3950 capiamus.
881 3866 942 3930 Per
951 3862 976 3927 ⁴.
1504 3880 1566 3946 Ad
1583 3881 1811 3965 complmdum,

1254 4006 1355 4086 Deus,
1370 4007 1427 4089 qui
1442 4006 1486 4074 ad
1501 4007 1738 4090 predicandum
1759 4008 1874 4072 aeterni
1897 4007 1986 4091 regis
2006 4027 2107 4073 euan-

404 4107 453 4174 ΕΠ
466 4108 609 4187 suffragia
626 4112 792 4173 sanctorm
808 4107 1014 4189 postularunt
1208 4108 1332 4190 gelium
1364 4127 1538 4171 romanum
1571 4103 1640 4192 (uel
1671 4104 1899 4192 christianum)
1932 4108 2106 4190 imperium

1209 4207 1401 4291 preparasti,
1434 4208 1594 4290 pretende
1629 4203 1810 4293 famulis(o)
1842 4205 1955 4292 tuis(o)
1988 4207 2107 4291 princi·

1209 4306 1305 4390 pibus
1320 4303 1416 4392 (regi)
1431 4307 1551 4370 nostris
1566 4304 1707 4393 (nostro)
1721 4306 1778 4370 all.
1793 4325 1886 4371 arma
1900 4307 2052 4382 caelestia,
2069 4318 2106 4372 ut

1209 4425 1278 4489 pax
1298 4405 1507 4470 ecclesiarum
1530 4405 1620 4469 nulla
1640 4407 1791 4471 turbetur
1811 4415 2011 4490 tempestate
2035 4407 2106 4471 bel-

1209 4504 1327 4570 lorum.
1372 4504 1459 4568 Per!

304 4253 470 4329 Concede,
483 4273 671 4336 quesumus,
683 4254 894 4334 omnipotens
904 4251 995 4328 deus,
1007 4260 1045 4316 ut
1059 4251 1157 4315 inter-

260 4353 364 4418 cessio
390 4374 450 4418 nos
473 4361 598 4417 sanctae
618 4351 672 4417 dei
698 4351 865 4436 genitricis
886 4352 1007 4430 mariae,
1028 4360 1159 4416 sancto·

262 4473 398 4535 nrmque
412 4453 560 4517 omnium
576 4453 810 4536 apostolom,
822 4461 1014 4535 martyrum,
1030 4452 1156 4517 confes·

260 4571 379 4632 sorum,
387 4571 427 4618 ac
439 4553 611 4637 uirginum,
622 4563 656 4619 et
667 4553 816 4616 omnium
831 4551 1010 4617 electorum
1025 4560 1157 4616 tuorum

260 4651 381 4735 ubique
392 4651 558 4730 laetificet;
576 4661 613 4716 ut
627 4652 708 4716 dum
720 4671 832 4716 eorum
845 4651 962 4716 merita
976 4649 1157 4731 recolimus,

261 4751 446 4832 patrocinia
459 4751 652 4816 sentiamus.
697 4751 759 4815 Per
773 4751 944 4816 dominum
955 4750 977 4809 ⁶·
1438 4752 1552 4829 fflless
1568 4755 1713 4819 rotulam
1726 4771 1777 4837 pro
1793 4771 1867 4834 τιατ.

636 4926 768 4991 Semta
1252 4888 1449 4972 Quesumus,
1466 4887 1678 4972 omnipotens
1699 4890 1789 4966 deus,
1805 4897 1842 4954 ut
1863 4886 2007 4952 famulus
2028 4896 2104 4951 tuus

769 4975 777 4990 ’
1208 4985 1283 5076 (rex
1313 4988 1439 5072 noster)
1468 4985 1525 5051 .ill.
1553 4987 1610 5070 qui
1638 4999 1696 5054 tua
1725 4989 1933 5055 miseratione
1961 4987 2105 5069 suscepit

1208 5089 1300 5171 regni
1315 5085 1545 5172 gubernacula,
1561 5089 1719 5154 uirtutum
1740 5089 1840 5153 etiam
1862 5086 2010 5152 omnium
2031 5105 2105 5170 per·

1208 5189 1309 5271 cipiat
1338 5189 1549 5266 incrementa,
1576 5188 1695 5272 quibus
1718 5190 1874 5253 decenter
1904 5195 2048 5266 omatus,
2071 5196 2105 5250 et

1207 5287 1362 5352 uitiorum
1392 5298 1539 5352 monstra
1568 5287 1726 5364 deuitare,
1754 5298 1788 5353 et
1818 5291 1861 5352 ad
1891 5297 1926 5352 te
1956 5288 2012 5372 qui
2041 5287 2104 5362 uia,

303 5050 443 5130 Oblatis,
466 5052 611 5128 domine,
626 5053 758 5135 placare
780 5052 977 5129 muneribus,
997 5062 1040 5128 et,
1057 5052 1157 5118 inter·

260 5150 452 5215 cedentibus
478 5151 629 5216 omnibus
655 5153 778 5217 sanctis
804 5153 879 5228 tuis,
901 5171 922 5215 a
948 5152 1074 5217 cunctis
1097 5172 1157 5217 nos

259 5249 400 5315 deiende
413 5251 566 5332 periculis
574 5251 599 5314 ⁷.

290 5431 349 5482 ¹0.
362 5447 387 5498 p.
400 5434 457 5497 387.
571 5433 629 5485 Ὀ.
641 5451 667 5501 p.
679 5436 736 5499 384.
866 5433 932 5486 ⁸1b.
1058 5433 1122 5485 ⁴1b.

290 5509 1007 5578 ¹=Adp0soendasuffragrasrnctomnckp1miiir
1024 5512 1154 5563 Deomni·
1239 5512 1290 5564 ¹8
1302 5528 1327 5578 p.
1339 5513 1412 5575 8ηῆ

258 5586 304 5638 bus
315 5587 408 5638 unctis
418 5603 462 5654 per
472 5594 554 5641 totum
564 5605 664 5652 mnam,
676 5589 701 5641 S.
713 5605 737 5656 p.
750 5589 821 5642 826!
1238 5591 1249 5620 ²
1264 5591 1299 5642 So
1306 5591 1338 5642 V.
1350 5590 1429 5641 Missa
1439 5605 1486 5656 pro
1496 5605 1562 5656 rege,
1573 5589 1599 5641 S.
1612 5606 1636 5657 p.
1645 5591 1721 5657 784*;
1735 5607 1782 5658 pro
1793 5591 1949 5659 impostore,
1959 5592 1991 5643 R.
2002 5606 2027 5657 p.
2038 5588 2105 5640 lxxx.

290 5663 460 5732 ·S.p.827*.
923 5665 990 5718 ¹1b.
1237 5668 1349 5727 ’8003
1366 5669 1607 5722 lnlraactioncmv.

1608 5764 1634 5814 A
1649 5769 1670 5815 a
1686 5767 1705 5817 2
