5122 6610
417 575 418 580 Ν
452 551 523 622 234
799 530 989 605 &rathma
1761 528 1950 608 blathum.

450 735 543 798 illurn
560 741 670 797 metue
682 733 738 815 qui
754 731 787 795 in
802 731 890 797 isaac
905 731 1098 797 immolatus
1113 741 1174 812 est,
1185 733 1218 796 in
1234 729 1350 816 ioseph
1402 752 1477 797 cum
1500 741 1646 800 metuet
1669 729 1845 820 ex(er)citu
1869 731 1984 798 furoris
2006 732 2055 800 tui
2076 732 2212 802 festinus
2232 737 2301 802 dle·

449 835 669 908 uenundatus,
682 833 715 896 ln
730 853 816 916 agno
828 834 963 906 occisus,
976 833 1010 896 in
1022 833 1155 898 homine
1167 833 1350 911 crucifixus,
1401 832 1508 898 cedas.
1551 833 1682 897 Adiuro
1708 842 1743 898 te
1770 853 1836 897 non
1859 853 1934 896 mea
1956 832 2158 911 infirmitate,
2181 836 2240 901 sed
2265 836 2299 902 in

449 935 570 1000 deinde
593 932 821 1015 triumphator.
867 932 1002 997 Recede
1023 934 1056 996 in
1080 934 1213 998 nomIne
1239 932 1351 1016 patris,
1401 932 1524 998 uirtute
1544 919 1681 1015 spiritus
1695 933 1810 1008 sancti,
1826 940 1863 997 ut
1878 933 2011 997 desinas
2030 933 2073 998 ab
2094 933 2158 1000 hoc
2173 935 2299 1001 famulo

450 1045 484 1101 et
510 1034 577 1110 filii,
603 1043 637 1099 et
660 1033 792 1116 spititus
816 1033 932 1109 sancti,
960 1042 993 1097 et
1018 1033 1062 1096 da
1086 1032 1196 1097 locum
1223 1031 1351 1115 spiritui
1402 1032 1466 1104 dei,
1481 1052 1580 1115 quem
1603 1032 1815 1115 omnipotens
1836 1034 1919 1096 deus
1941 1033 1985 1097 ad
2003 1033 2181 1116 imaginem
2204 1056 2299 1100 suam

449 1143 564 1200 sancto
593 1152 652 1215 per
680 1131 744 1197 hoc
782 1132 913 1215 signum
943 1133 1046 1196 crucis
1075 1132 1187 1197 christi
1224 1133 1351 1196 domini
1401 1130 1488 1197 fecit.
1532 1132 1645 1208 Caede,
1675 1131 1775 1208 caede,
1793 1153 1859 1196 non
1895 1131 1983 1208 mihi,
2015 1133 2074 1198 sed
2113 1135 2300 1200 ministeriis

406 1259 409 1266 ·
450 1234 563 1300 nostri.
609 1231 766 1316 Quicum
781 1241 876 1315 patre
895 1242 930 1296 et
947 1233 1062 1314 spiritu
1078 1243 1193 1297 sancto
1214 1233 1296 1297 uiuit
1317 1242 1352 1298 et
1401 1230 1522 1297 christi.
1567 1231 1661 1296 Illius
1675 1233 1764 1296 enim
1780 1239 1814 1296 te
1830 1241 2006 1314 perurguet
2021 1243 2178 1314 potestas,
2193 1236 2250 1317 qui
2264 1245 2300 1302 te

451 1343 591 1418 regnat.I
1308 1385 1313 1398 .
1401 1331 1537 1415 affigens
1562 1331 1666 1397 crucis
1695 1351 1765 1394 suae
1794 1330 1985 1415 subregauit
2014 1332 2161 1416 imperio.
2206 1334 2300 1400 Illius

853 1417 945 1484 Alia·
1401 1430 1490 1495 enim
1505 1432 1676 1497 brachium
1690 1431 1916 1502 contremisce,
1931 1431 1997 1514 qui,
2013 1432 2153 1498 deuictis
2167 1435 2299 1515 gemiti·

493 1532 594 1611 Deus,
609 1531 759 1597 conditor
774 1539 808 1594 et
823 1529 976 1594 defensor
990 1529 1119 1611 generis
1134 1527 1281 1607 humani,
1292 1529 1349 1613 qui
1401 1531 1463 1595 bus
1483 1529 1610 1609 inferni,
1624 1530 1751 1594 animas
1766 1531 1809 1594 ad
1831 1529 1938 1594 lucem
1957 1533 2121 1614 perduxit.
2166 1532 2219 1598 Sit
2239 1534 2299 1598 tibi

450 1634 617 1698 hominem
648 1633 691 1696 ad
717 1631 895 1714 imaginem
922 1638 957 1694 et
982 1629 1231 1695 similitudinem
1256 1639 1348 1695 tuam
1401 1637 1505 1695 terror
1524 1650 1642 1714 corpus
1663 1629 1816 1694 hominis.
1863 1628 1916 1694 Sit
1938 1630 1999 1695 tibi
2022 1629 2165 1697 formido
2188 1634 2323 1717 imago·

449 1733 606 1811 formasti,
622 1729 747 1814 respice
768 1751 867 1812 super
882 1729 1042 1793 famulum
1064 1740 1159 1794 tuum
1179 1729 1275 1806 hunc,
1292 1729 1349 1812 qui
1401 1729 1464 1794 dei.
1518 1731 1592 1795 Nec
1622 1729 1762 1794 desistas
1793 1749 1854 1794 nec
1884 1730 2019 1794 moreris
2047 1732 2218 1798 discedere
2254 1735 2298 1798 ab

450 1834 536 1898 dolis
551 1831 653 1896 inuidi
675 1830 836 1914 serpentis
854 1831 1041 1912 appetitum
1063 1848 1164 1910 quem
1180 1839 1276 1893 uetus
1291 1831 1349 1894 ad·
1400 1828 1543 1908 homine,
1565 1830 1720 1912 quoniam
1748 1830 1948 1913 complacuit
1971 1831 2093 1897 christo
2116 1842 2152 1897 ut
2179 1832 2212 1896 in
2238 1832 2298 1900 ho·

450 1934 610 1998 uersarius
626 1941 660 1995 et
679 1929 784 1994 hostis
804 1931 960 2012 antiquus
980 1937 1052 2011 atre
1072 1928 1254 1994 formidinis
1274 1927 1350 1994 hor·
1401 1929 1490 1992 mine
1508 1928 1685 1994 habitaret.
1731 1928 1777 1994 Et
1800 1949 1841 1994 ne
1864 1949 1918 1994 me
1936 1927 2102 1994 infirmum
2124 1943 2296 2016 contemp-

450 2053 523 2097 rore
551 2029 774 2108 circumuolat,
804 2038 838 2094 et
875 2049 1007 2094 sensum
1046 2029 1168 2094 mentis
1204 2028 1349 2094 humane
1400 2029 1546 2092 nendum
1568 2038 1673 2111 putes,
1695 2028 1775 2092 dum
1799 2048 1853 2092 me
1875 2037 2081 2110 peccatorem
2105 2031 2203 2095 nimis
2225 2053 2298 2096 esse

449 2144 584 2215 stupore
599 2129 723 2212 defigit,
737 2112 860 2194 terr'ore
870 2129 1055 2204 conturbat,
1071 2138 1105 2193 et
1120 2139 1211 2193 metu
1228 2129 1347 2211 tr'epidi
1399 2128 1578 2211 cognoscis.
1624 2127 1773 2210 Imperat
1794 2126 1854 2192 tibi
1877 2127 2051 2206 dominus;
2074 2129 2214 2212 imperat
2235 2132 2297 2196 tibi

448 2230 580 2296 terroris
595 2230 754 2310 exagitat.
789 2228 937 2311 Repelle,
947 2228 1092 2304 domine,
1102 2229 1260 2292 uirtutem
1277 2227 1347 2292 dia·
1401 2228 1555 2291 maiestas
1577 2227 1711 2303 chrIsti3
1741 2227 1883 2309 imperat
1905 2227 1965 2293 tibi
1988 2229 2070 2293 deus
2091 2240 2208 2310 pater3
2237 2232 2298 2294 im·

448 2331 526 2411 boli,
541 2329 738 2412 fallacesque
753 2329 824 2394 eius
839 2330 974 2394 insidias
989 2348 1108 2393 amone
1124 2327 1249 2411 procul.
1281 2329 1348 2392 lm·
1399 2335 1493 2409 perat
1513 2328 1573 2392 tibi
1590 2326 1675 2390 filius
1691 2337 1725 2392 et
1745 2327 1878 2410 spiritus
1898 2338 2051 2404 sanctus;
2075 2327 2216 2412 imperat
2236 2332 2297 2396 tibi

448 2433 524 2516 pius
542 2439 724 2514 temptator
743 2428 899 2513 aufugiat.
946 2427 997 2494 Sit
1020 2428 1162 2492 nominis
1183 2429 1232 2492 tui
1253 2429 1348 2511 signo
1398 2425 1623 2509 apostolorum
1642 2425 1734 2505 fides,
1753 2427 1856 2491 sancti
1877 2427 1961 2510 petri
1982 2436 2016 2492 et
2036 2428 2135 2512 pauli,
2156 2438 2190 2494 et
2210 2441 2297 2496 cete·

448 2532 592 2596 famulus
607 2541 683 2595 tuus
697 2527 754 2593 ‚itt
771 2538 804 2594 et
820 2528 931 2593 animo
947 2537 1038 2594 tutus
1053 2537 1087 2592 et
1103 2547 1249 2610 corpore.
1294 2527 1346 2591 Tu
1399 2545 1507 2590 rorum
1537 2525 1773 2609 apostolorum.
1825 2525 1972 2609 Imperat
2003 2527 2063 2591 tibi
2093 2528 2297 2613 indulgentia

449 2630 592 2714 pectoris
628 2628 723 2693 huius
753 2629 881 2693 interna
917 2628 1094 2692 custodias.
1139 2627 1192 2691 Tu
1222 2628 1347 2721 uiscera
1399 2623 1630 2690 confessorum.
1675 2625 1823 2708 Imperat
1853 2626 1913 2691 tibi
1944 2637 2125 2710 martyrum
2154 2631 2297 2711 sanguis.

448 2751 553 2816 regas.
596 2730 649 2793 Tu
665 2730 764 2794 corda
780 2727 964 2792 confirmes.
1011 2728 1050 2792 In
1066 2728 1178 2792 anima
1198 2727 1268 2791 eius
1288 2727 1347 2791 ad·
1402 2723 1550 2807 Imperat
1569 2725 1629 2788 tibi
1649 2736 1892 2790 sacramentum
1907 2726 2020 2790 crucis,
2066 2725 2214 2811 Imperat
2236 2729 2297 2793 tibi

449 2830 600 2895 uersariae
616 2827 792 2912 potestatis
808 2837 1050 2910 temptamenta
1065 2836 1254 2891 uanescant.
1293 2826 1348 2891 Da
1399 2826 1631 2906 mysteriorum
1646 2825 1760 2888 uirtus.
1799 2825 1876 2907 Exi,
1891 2836 2118 2908 transgressor.
2153 2827 2231 2904 Exi,
2246 2849 2298 2893 se-

448 2931 492 2995 ad
519 2929 605 2993 hanc
629 2928 872 2992 inuocationem
898 2926 1040 2990 nominis
1067 2926 1114 2992 tui
1136 2927 1288 3010 gratiam,
1311 2935 1348 2990 ut
1399 2926 1524 3002 ductor,
1541 2923 1638 3007 plene
1658 2925 1748 2989 omni
1768 2925 1847 2990 dolo
1870 2934 1904 2990 et
1926 2924 2060 3002 fallatia,
2078 2927 2225 2992 ueritatis
2247 2927 2295 2992 in-

449 3029 505 3112 qui
528 3028 592 3092 huc
614 3047 717 3110 usque
738 3026 884 3092 terrebat
907 3028 1039 3091 territus
1061 3026 1169 3104 abeat,
1186 3035 1218 3091 et
1241 3026 1347 3090 uictus
1399 3023 1503 3103 imice,
1525 3024 1749 3088 innocentium
1771 3033 1970 3107 persecutor.
2016 3025 2072 3089 Da
2095 3024 2214 3106 locum,
2236 3027 2296 3091 du·

448 3130 616 3209 abscedat,
642 3127 770 3209 tibique
796 3127 900 3210 possit
925 3126 978 3191 hic
1006 3147 1119 3192 seruus
1140 3137 1226 3202 tuus,
1249 3127 1348 3192 corde
1399 3125 1536 3189 rissime.
1560 3125 1615 3189 Da
1626 3125 1744 3205 locum,
1753 3125 1956 3208 impiissime.
1980 3125 2154 3191 Dalocum
2163 3127 2295 3204 christo,

449 3229 645 3295 confirmato
675 3236 709 3293 et
737 3236 848 3291 mente
875 3228 1010 3302 sincera,
1035 3226 1184 3291 debitum
1212 3227 1348 3310 prebere
1399 3224 1432 3289 in
1456 3245 1523 3308 quo
1550 3223 1630 3288 nihil
1656 3225 1810 3290 inuenisti
1834 3227 1878 3289 de
1901 3227 2056 3309 operibus
2083 3227 2156 3305 tuis,
2181 3228 2295 3310 quite

449 3330 655 3395 famulatum.
700 3326 786 3392 Per.t
1398 3324 1589 3407 expoliauit,
1613 3323 1669 3406 qui
1697 3344 1834 3408 regnum
1861 3334 1956 3390 tuum
1983 3327 2155 3403 destruxit,
2180 3327 2236 3410 qui
2262 3337 2296 3392 te

849 3412 943 3478 Alia.
1400 3425 1524 3489 uictum
1545 3423 1669 3508 ligauit,
1686 3434 1720 3488 et
1741 3444 1822 3488 uasa
1842 3432 1900 3488 tua
1921 3424 2070 3508 disrupit,
2086 3425 2143 3506 qui
2165 3435 2199 3490 te
2221 3446 2296 3509 pro-

493 3528 647 3607 Domine,
658 3536 772 3591 sancte
786 3535 890 3610 pater,
898 3526 1107 3608 omnipotens
1122 3536 1244 3590 aeteme
1256 3527 1346 3604 deus,
1398 3524 1475 3588 iecit
1492 3525 1525 3587 in
1546 3523 1709 3598 tenebras,
1725 3524 1781 3588 ubi
1799 3523 1859 3588 tibi
1879 3545 1953 3588 cum
1974 3524 2215 3590 ministristuis
2234 3526 2296 3590 erit

450 3649 576 3694 osanna
601 3629 634 3692 in
659 3626 807 3692 excelsis.
853 3625 951 3690 Pater
972 3625 1098 3689 domini
1128 3626 1230 3689 nostri
1255 3623 1347 3689 ihesu
1399 3634 1593 3708 preparatus
1615 3623 1773 3688 interitus.
1820 3623 1889 3690 Sed
1910 3623 1989 3707 quid
2012 3633 2090 3690 tunc
2113 3623 2296 3690 truculente

451 3728 571 3806 christi,
599 3727 655 3810 qui
685 3725 778 3790 illum
810 3723 958 3809 refugam
989 3735 1167 3807 tyrannum
1196 3724 1348 3807 gehenne
1400 3719 1584 3806 recogitas?
1606 3722 1687 3805 quid
1702 3723 1885 3787 temerariae
1900 3721 2080 3789 retractas?
2102 3745 2175 3788 reus
2190 3726 2296 3788 omni·

451 3826 627 3910 deputasti,
641 3825 696 3908 qui
712 3825 916 3908 unigenitum
929 3834 1022 3888 tuum
1038 3824 1072 3887 in
1087 3823 1173 3888 hunc
1189 3825 1348 3888 mundum
1399 3823 1528 3910 potenti
1547 3824 1621 3898 deo,
1644 3823 1736 3887 cuius
1757 3830 1883 3887 statuta
1902 3831 2121 3906 transgressus
2142 3845 2198 3900 es3
2222 3845 2296 3888 reus

451 3928 580 4002 misisti,
603 3935 639 3991 ut
665 3925 757 3988 illum
781 3925 966 4006 rugientem
990 3923 1121 3987 leonem
1145 3931 1348 4001 contereret3
1400 3922 1468 3986 filio
1486 3923 1556 3987 eius
1577 3921 1669 3986 ihesu
1685 3920 1818 3998 christo,
1833 3943 1934 4004 quem
1951 3931 2114 4006 temptare
2133 3944 2233 3988 ausus
2252 3945 2297 4004 es,

452 4026 610 4092 uelociter
631 4024 786 4096 adtende,
805 4022 962 4097 accelera,
981 4031 1019 4087 ut
1042 4023 1159 4105 eripias
1181 4022 1348 4087 hominem
1401 4031 1435 4088 et
1450 4021 1638 4104 crucifigere
1653 4021 1898 4105 presumpsisti5
1922 4042 1996 4086 reus
2010 4022 2156 4089 humano
2175 4024 2296 4107 generi,

452 4127 496 4192 ad
519 4125 697 4208 imaginem
720 4131 753 4186 et
775 4121 1023 4186 similitudinem
1046 4129 1138 4185 tuam
1161 4132 1307 4186 creatum
1329 4142 1349 4186 a
1401 4123 1453 4187 cui
1470 4142 1558 4186 mors
1570 4121 1635 4186 tuis
1646 4120 1912 4203 persuasionibus
1925 4121 2025 4187 uenit.
2056 4120 2196 4201 Adiuro,
2208 4143 2296 4206 ergo,

452 4226 546 4290 ruina
568 4232 602 4287 et
624 4221 780 4305 demonio
803 4221 994 4285 meridiano.
1041 4221 1103 4299 Da,
1122 4221 1266 4298 domine,
1284 4230 1348 4286 ter·
1401 4232 1444 4299 te,
1461 4224 1562 4286 draco
1578 4221 1785 4304 nequissime,
1802 4221 1836 4283 in
1852 4223 1985 4287 nomine
2000 4224 2078 4305 agni
2098 4222 2298 4303 inmaculati,

453 4344 560 4390 rorem
587 4333 681 4388 tuum
712 4340 811 4403 super
839 4320 981 4385 bestiam
1012 4340 1087 4403 quae
1117 4319 1349 4385 exterminauit
1401 4324 1457 4405 qui
1478 4321 1659 4386 ambulauit
1681 4340 1779 4402 super
1799 4321 1959 4402 aspidem,
1975 4330 2008 4386 et
2028 4321 2225 4399 basiIIscum,
2240 4323 2297 4407 qui

452 4425 583 4489 uineam
610 4433 714 4486 tuam.
760 4420 814 4483 Da
840 4418 990 4484 fidutiam
1016 4420 1119 4483 seruis
1146 4419 1210 4483 tuis
1236 4429 1349 4483 contra
1400 4421 1604 4487 conculcauit
1619 4421 1748 4484 leonem
1772 4430 1805 4484 et
1822 4420 2009 4501 draconem,
2025 4430 2062 4486 ut
2082 4423 2234 4487 discedas
2253 4424 2298 4488 ab

454 4521 690 4606 nequissimum
717 4519 893 4584 draconem
915 4519 1045 4584 fortiter
1067 4528 1162 4596 stare,
1186 4538 1247 4583 nec
1272 4539 1349 4584 con·
1400 4521 1543 4596 homme,
1562 4521 1713 4584 discedas
1735 4519 1778 4583 ab
1801 4520 1938 4585 ecclesia
1960 4521 2025 4586 dei.
2072 4520 2298 4588 Contremisce

453 4630 607 4705 tempnat
628 4629 798 4702 sperantes
820 4619 853 4681 in
876 4627 918 4696 te,
942 4626 976 4682 et
998 4618 1086 4682 dicat
1107 4617 1192 4682 sicut
1214 4617 1247 4680 in
1270 4617 1350 4700 pha·
1402 4631 1436 4686 et
1461 4619 1577 4703 effuge,
1602 4621 1755 4684 inuocato
1781 4621 1914 4684 nomine
1936 4621 2061 4686 domini
2088 4622 2174 4686 illius
2198 4605 2298 4706 quem

454 4743 554 4787 raone
581 4721 646 4786 iam
673 4719 769 4793 dixit,
798 4717 911 4782 Deum
938 4738 1004 4781 non
1034 4719 1121 4794 noui,
1145 4737 1205 4781 nec
1232 4716 1350 4782 israhel
1402 4720 1493 4785 inferi
1514 4727 1681 4797 tremunt3
1711 4719 1762 4783 cui
1785 4719 1923 4784 uirtutes
1942 4721 2106 4798 caelorum,
2129 4730 2164 4785 et
2186 4730 2297 4805 potes·

455 4821 597 4885 dimitto.
644 4818 796 4902 Urgueat
825 4817 926 4896 illum,
953 4817 1097 4893 domine,
1125 4818 1264 4882 dextera
1293 4829 1350 4883 tua
1401 4829 1497 4898 tates,
1509 4828 1543 4883 et
1552 4817 1794 4884 dominationes
1805 4818 1951 4902 subiecte
1962 4831 2058 4898 sunt;
2074 4842 2174 4903 quem
2183 4822 2299 4887 cheru-

454 4931 572 5004 potens
601 4918 770 4981 discedere
795 4938 816 4981 a
840 4915 966 4981 famulo
992 4927 1050 4981 tuo
1077 4917 1132 4982 .ill.
1160 4937 1201 4980 ne
1227 4917 1350 4982 diutius
1402 4921 1458 4985 bin
1474 4929 1508 4984 et
1529 4919 1680 5002 seraphin
1697 4916 1867 4982 indefessis
1883 4921 2020 4984 uocibus
2037 4921 2183 4987 laudant.
2229 4921 2298 4986 Im·

454 5026 624 5102 presumat
650 5017 818 5099 captiuum
844 5026 957 5080 tenere
982 5015 1160 5092 hominem,
1187 5036 1288 5099 quem
1314 5027 1350 5082 tu
1401 5028 1496 5104 perat
1525 5019 1585 5083 tibi
1612 5019 1749 5082 uerbum
1773 5038 1849 5081 caro
1879 5018 2013 5084 factum.
2060 5020 2207 5104 Imperat
2235 5023 2297 5086 tibi

454 5121 497 5185 ad
516 5118 694 5201 imaginem
716 5125 809 5180 tuam
827 5117 982 5199 dignatus
1004 5136 1039 5179 es
1061 5115 1175 5180 facere.
1220 5115 1350 5181 Adiuro
1402 5130 1499 5185 natus
1514 5140 1558 5184 ex
1573 5118 1708 5201 uirgine.
1747 5117 1894 5202 Imperat
1908 5120 1969 5184 tibi
1984 5120 2094 5185 ihesus
2106 5140 2296 5198 nazarenus,

455 5241 534 5304 ergo
549 5230 591 5298 te,
606 5238 740 5302 serpens
755 5219 899 5301 antique,
916 5238 975 5301 per
990 5219 1131 5283 iudicem
1147 5219 1296 5283 uiuorum
1316 5230 1350 5284 et
1402 5221 1458 5302 qui
1474 5228 1517 5297 te,
1533 5239 1608 5283 cum
1624 5216 1801 5300 discipulos
1816 5217 1884 5280 eius
1903 5227 2164 5302 contempneres,
2180 5220 2296 5285 elisum

456 5329 670 5390 mortuorum,
692 5336 752 5399 per
776 5317 934 5382 factorem
961 5318 1085 5392 mundi,
1110 5337 1169 5400 per
1195 5339 1270 5381 eum
1293 5319 1349 5401 qui
1402 5327 1436 5382 et
1456 5329 1655 5400 prostratum
1677 5318 1767 5381 exire
1787 5316 1882 5382 iussit
1900 5319 1944 5382 ab
1962 5318 2116 5396 homIne;
2138 5341 2204 5402 quo
2223 5341 2297 5404 pre·

454 5419 557 5482 habet
583 5427 782 5500 potestatem
811 5418 941 5481 mittere
967 5417 999 5480 in
1025 5415 1220 5500 gehennam,
1245 5427 1281 5481 ut
1307 5419 1349 5482 ab
1401 5427 1503 5493 sente,
1529 5437 1603 5482 cum
1630 5428 1665 5482 te
1691 5417 1734 5482 ab
1759 5415 1893 5480 homine
1918 5427 2110 5501 separasset,
2137 5439 2196 5484 nec
2222 5441 2298 5502 por·

455 5517 519 5584 hoc
530 5516 652 5582 famulo
663 5515 724 5592 dei,
735 5516 791 5600 qui
806 5517 849 5580 ad
862 5515 998 5600 ecclesie
1013 5515 1163 5600 presepia
1178 5517 1349 5595 concurrit,
1401 5536 1513 5581 corum
1528 5536 1663 5602 gregem
1679 5515 1893 5602 presumebas
1908 5519 2106 5602 contingere.
2152 5519 2297 5600 Recede,
