5124 6608
509 631 516 648 ·
610 594 713 688 jisua
738 594 780 668 tu.
1557 583 1660 678 sitris
1685 585 1727 658 s.
1817 669 1820 675 ¹
2029 601 2094 656 101

246 795 417 882 paschalia,
429 816 504 880 quae
520 795 710 859 uenerando
722 791 871 868 colimus,
883 791 984 856 etiarn
1000 789 1144 855 uiuendo
1437 784 1499 848 Ad
1516 793 1664 849 sanctum
1685 781 1852 848 andream.

245 908 423 962 teneamus.
469 894 556 960 Pers
1241 898 1344 976 Deus,
1364 899 1421 982 qui
1443 897 1605 981 conspicis
1628 895 1788 962 familiam
1811 904 1904 961 tuam
1926 893 2016 959 omni
2038 891 2099 958 hu·

1198 1017 1297 1066 mana
1312 999 1434 1063 uirtute
1451 997 1597 1074 destitui,
1614 995 1760 1081 paschali
1782 993 2020 1059 interueniente
2037 992 2099 1058 les-

481 1068 543 1133 ΑΔ
559 1077 707 1133 sanctum
729 1065 897 1132 andnam·
1198 1098 1337 1174 tiuitate,
1368 1097 1417 1163 tui
1447 1118 1523 1162 eam
1560 1095 1686 1162 brachii
1723 1095 1930 1180 protectione
1960 1094 2099 1158 custodi.

288 1197 390 1273 Deus,
421 1196 478 1280 qui
507 1194 669 1278 populum
699 1205 793 1259 tuum
824 1195 867 1258 de
895 1192 1002 1258 hostis
1034 1193 1145 1258 callidi
1198 1200 1285 1264 Pery

245 1299 403 1362 seruitute
423 1295 578 1370 liberasti,
594 1314 708 1378 preces
730 1294 800 1359 eius
823 1292 1075 1357 misericorditer
1096 1314 1145 1357 re-

245 1397 341 1480 spice,
364 1406 399 1461 et
421 1395 636 1461 aduersa'ntes
662 1395 710 1460 eis
740 1405 800 1460 tua
822 1394 943 1458 uirtute
965 1402 1144 1476 prosterne.
1562 1417 1651 1493 m
1664 1417 1727 1483 [pp

247 1496 333 1562 pem
1282 1552 1345 1619 Ad
1359 1561 1507 1618 sanctum
1529 1525 1731 1618 laurentium
1744 1548 1838 1634 soris
1859 1568 2002 1614 murum.

1244 1667 1360 1744 Deus
1383 1677 1452 1743 Qu1
1482 1677 1554 1730 nos
1585 1675 1906 1730 nasunnscmonrs
1929 1659 2102 1742 uominice

612 1756 701 1832 ,ΜΕ
717 1758 768 1822 lli?
1200 1788 1309 1832 annua
1338 1765 1562 1831 sollemnitate
1584 1764 1742 1844 laetificas,
1764 1762 1909 1829 concede
1938 1760 2101 1844 propitius

1200 1877 1237 1933 ut
1248 1887 1307 1950 per
1317 1865 1513 1950 temporalia
1527 1864 1620 1942 festa,
1632 1886 1707 1948 quae
1723 1865 1860 1949 agimus,
1871 1862 2043 1947 peruenire
2057 1860 2101 1926 ad
2158 1888 2162 1896 ·

499 1902 561 1968 Ad
578 1912 726 1970 sanctum
740 1903 889 1986 paulum.
1292 1967 1299 1982 ,

1200 1967 1322 2052 gaudia
1338 1974 1462 2030 aeterua
1477 1985 1672 2031 mereamur.
1717 1964 1803 2029 Per.t

291 2030 392 2106 Deus,
416 2029 473 2115 qui
496 2030 668 2113 ecclesiam
690 2040 783 2095 tuam
807 2048 895 2093 nouo
914 2049 1045 2113 semper
1063 2028 1147 2094 foetu

249 2129 454 2215 multiplicas,
477 2127 633 2195 Concede
653 2129 785 2194 famulis
806 2129 880 2205 tuis,
902 2138 939 2195 ut
961 2148 1147 2193 sacramen·
1529 2114 1638 2198 super
1657 2113 1773 2180 Oblata·

178 2297 182 2306 ,
248 2240 318 2294 tum
333 2229 478 2294 uiuendo
493 2238 628 2295 teneant
643 2229 734 2313 quod
751 2228 817 2294 fide
832 2238 1060 2313 perceperunt.
1087 2227 1149 2292 Per
1246 2230 1423 2307 Sacrificia,
1440 2229 1583 2308 domine,
1599 2228 1810 2312 paschalibus
1832 2225 1961 2312 gaudiis
1984 2225 2103 2290 immo·

249 2331 444 2395 dominumn
1202 2331 1316 2410 lamus,
1332 2329 1451 2414 quibus
1474 2328 1613 2393 ecclesia
1636 2327 1828 2394 mirabiliter
1852 2334 1886 2392 et
1908 2325 2054 2409 pascitur
2069 2333 2103 2388 et

627 2414 768 2480 Semta·
1201 2430 1352 2496 nutritur.
1399 2429 1484 2494 Per.t

292 2541 439 2624 Suscipe,
469 2560 656 2624 quesumus,
685 2541 828 2618 domine,
856 2539 1005 2605 fidelium
1034 2559 1148 2623 preces
1272 2562 1276 2574 ·
1562 2512 1735 2596 Proefath·

250 2662 323 2707 cum
344 2640 567 2707 oblationibus
589 2640 783 2714 hostiarum,
798 2648 835 2704 ut
850 2660 909 2724 per
922 2639 994 2704 haec
1010 2640 1073 2724 piae
1089 2640 1148 2704 de·
1247 2629 1292 2695 U·
1308 2629 1351 2693 D.
1367 2638 1491 2694 aeteme
1506 2628 1599 2693 deus.
1644 2627 1690 2691 Et
1712 2627 1872 2710 pietatem
1895 2633 1988 2690 tuam
2011 2621 2102 2688 inde·

250 2741 390 2806 uotionis
404 2741 511 2807 officia
525 2743 569 2806 ad
585 2740 753 2806 caelestem
772 2739 912 2825 gloriam
932 2748 1148 2806 transeamus.
1202 2731 1296 2795 sessis
1318 2727 1469 2813 precibus
1492 2727 1677 2812 implorare,
1694 2735 1731 2791 ut
1753 2726 1810 2809 qui
1832 2724 1997 2811 paschalis
2011 2722 2102 2788 lesti-

251 2840 333 2905 Per.t
1202 2830 1315 2895 uitatis
1337 2828 1511 2894 sollemnia
1533 2826 1671 2893 colimus
1691 2826 1727 2890 in
1750 2835 1809 2890 tua
1830 2844 1963 2908 semper
1982 2823 2104 2889 sancti·

616 2926 778 3011 Presatio.
1203 2929 1356 2994 ficatione
1393 2928 1554 3005 uiuamus,
1588 2925 1666 3009 Quo
1701 2947 1763 3010 per
1799 2923 1992 3008 temporalis
2029 2923 2104 2989 sesti

293 3051 337 3118 U·
353 3051 397 3116 D·
418 3071 477 3135 per
499 3050 658 3117 christum
680 3051 853 3116 dominum
880 3061 1038 3116 nostrum,
1083 3051 1150 3135 Qui
1204 3027 1469 3094 obseruationem
1492 3027 1663 3110 peruenire
1686 3046 1873 3091 mereamur
1893 3021 1938 3090 ad
1963 3033 2104 3089 aeterno·

253 3149 419 3216 oblatione
434 3151 483 3216 sui
499 3153 653 3234 corporis,
670 3151 806 3215 remotis
828 3149 1060 3215 sacrificiorum
1081 3170 1151 3215 car·
1204 3149 1277 3193 mm
1292 3128 1488 3212 ganlemm
1504 3125 1792 3192 confinufflmem·
1832 3125 1894 3190 Pes
1911 3120 2103 3190 christum&

252 3249 372 3314 nalium
402 3250 696 3326 obseruationibus,
726 3271 764 3314 se
792 3249 902 3333 ipsum
932 3250 993 3315 tibi
1023 3269 1151 3315 sacram
1458 3251 1462 3262 '
1502 3276 1563 3341 Ad
1581 3275 1810 3361 complendum,

251 3349 401 3426 hostiam,
418 3369 608 3433 agnumque
623 3348 861 3414 inmaculatum
876 3370 1025 3415 summus
1044 3370 1151 3414 sacer·
1248 3390 1307 3455 Ab
1336 3391 1427 3456 omni
1458 3411 1518 3454 nos
1554 3410 1734 3474 quesumus
1770 3389 1905 3455 domine
1937 3397 2104 3454 uetustate

252 3449 311 3513 dos
326 3470 386 3533 pro
401 3449 509 3514 salute
525 3457 637 3514 nostra
652 3447 846 3514 immolauit.
890 3448 954 3513 Per
968 3448 1104 3532 quem2.
1517 3441 1526 3469 ’
1734 3435 1745 3467 '
1906 3437 1914 3466 ’

1204 3499 1362 3575 purgatos
1384 3490 1581 3556 sacramenti
1604 3490 1652 3555 tui
1674 3491 1862 3555 ueneranda
1883 3487 2052 3573 perceptio
2071 3489 2105 3552 in

548 3625 609 3690 Ad
626 3622 854 3708 sommam,
1206 3611 1326 3656 nouam
1340 3589 1517 3655 transferat
1533 3596 1726 3655 creaturam.
1771 3589 1834 3654 Per
1847 3589 2046 3654 dominum.t

295 3750 459 3831 Concede,
474 3771 664 3834 quesumus,
680 3749 891 3833 omnipotens
912 3752 1003 3829 deus,
1017 3759 1056 3815 ut
1077 3771 1151 3834 pas-
1538 3738 1600 3803 Ad
1618 3748 1772 3822 uesper&-

255 3849 355 3914 chalis
377 3850 547 3936 perceptio
570 3849 768 3916 sacramenti
794 3849 952 3915 continuo
976 3850 1010 3914 in
1033 3851 1153 3915 nostris
1249 3853 1384 3930 Praesta,
1399 3871 1588 3934 quesumus,
1608 3851 1819 3936 omnipotens
1840 3852 1931 3931 deus,
1949 3861 1987 3917 ut
2008 3849 2106 3916 huius

256 3950 420 4016 mentibus
434 3959 634 4035 perseueret.
679 3948 766 4017 Per.t
1205 3951 1369 4037 paschalis
1398 3950 1587 4016 sestiuitatis
1612 3951 1764 4016 mirabile
1793 3962 2045 4030 sacramentum,
2071 3960 2108 4017 et

621 4039 624 4048 ¹
1205 4050 1425 4134 temporalem
1435 4050 1530 4114 nobis
1540 4050 1814 4134 tranquillitatem
1824 4051 2107 4131 tribuatetuitam

587 4128 648 4193 Ad
666 4140 818 4213 WSWS·
1206 4151 1353 4218 conserat
1369 4150 1614 4234 sempiternam.
1660 4151 1747 4215 Per.t

297 4252 462 4329 Concede,
479 4274 668 4337 quesumus,
689 4257 901 4339 omnipotens
924 4255 1015 4328 deus,
1037 4264 1075 4320 ut
1096 4255 1152 4339 qui
1581 4299 1644 4364 Aa,
1653 4299 1767 4382 sontes

255 4353 415 4435 paschalis
441 4353 631 4419 iestiuitatis
653 4353 828 4445 sollemnia
854 4353 1001 4430 colimus,
1032 4354 1066 4417 in
1096 4366 1154 4420 tua
1768 4351 1775 4368 ⁸

255 4473 385 4537 semper
398 4454 659 4519 sanctificatione
674 4455 834 4519 uiuamus
879 4454 965 4518 Pers
1251 4413 1352 4489 Deus’
1377 4414 1434 4508 qui
1458 4433 1521 4478 ¹¹⁰⁵
1549 4434 1610 4497 l’er
1638 4413 1805 4498 pasehalla
1834 4413 1919 4479 festa
1948 4414 2105 4491 laefificass

1206 4514 1351 4578 concede
1373 4512 1535 4596 propitius
1557 4523 1595 4578 ut
1616 4533 1666 4588 ea,
1684 4533 1760 4596 quae
1775 4514 1897 4579 deuote
1918 4514 2057 4598 agimus,
2072 4523 2108 4580 te

607 4627 670 4694 Ad
680 4627 802 4711 sonus.
1206 4613 1396 4692 adiuuante,
1410 4610 1553 4678 fideliter
1567 4622 1748 4678 teneamus.
1794 4612 1880 4678 Pera

299 4751 455 4832 Praesta³,
476 4774 665 4837 quesumus,
688 4754 899 4836 omnipotens
920 4754 1011 4832 deus,
1036 4762 1073 4818 ut
1095 4773 1156 4838 per
1453 4762 1515 4827 Ad
1532 4771 1678 4828 summm
1700 4763 1865 4828 andream.

257 4852 326 4918 haec
347 4853 516 4944 paschalia
537 4851 623 4918 festa
644 4874 719 4936 quae
742 4853 888 4930 colimus,
908 4853 1020 4917 deuoti
1043 4854 1076 4916 in
1097 4863 1155 4917 tua
1250 4862 1385 4946 Τείως,
1408 4882 1597 4946 quesumus,
1621 4863 1833 4946 omnipotens
1854 4863 1945 4941 deus,
1966 4871 2004 4927 ut
2030 4860 2108 4926 illuc

257 4973 384 5037 semper
398 4953 496 5017 laude
511 4952 670 5017 uiuamus.
717 4953 804 5018 Per.t
1207 4964 1323 5027 tendat
1345 4961 1524 5027 christiane
1541 4962 1729 5026 deuotionis
1750 4962 1896 5038 affectus,
1912 4981 1980 5044 quo
1996 4969 2106 5026 tecum

1208 5063 1250 5126 sit
1266 5070 1378 5126 nostra
1392 5060 1584 5126 substantia.
1628 5062 1714 5125 Per.t

289 5173 296 5205 ¹
312 5184 338 5221 Α.
350 5173 425 5238 Aque
435 5173 573 5238 sapientise.
790 5183 857 5222 coss.
869 5171 897 5222 si
908 5171 1129 5222 conresurrexistis.

315 5263 351 5302 es.
363 5250 531 5302 Confitemini.
790 5253 844 5314 (se.
856 5249 963 5315 Surgens
973 5248 1070 5314 paulus.
1240 5247 1544 5305 ¹nVenitebenedicti.
1743 5249 1886 5300 os.Portas
1896 5249 2068 5314 osliaperuie

317 5341 342 5378 s.
354 5329 419 5380 Haec
430 5327 492 5378 dies.
790 5339 833 5376 nt.
844 5327 954 5378 Surrexit
965 5327 1082 5378 domiuus
1091 5343 1155 5380 uere.
1269 5339 1306 5378 es
1318 5328 1488 5379 Confitemiui.
1744 5340 1811 5380 cose.
1822 5327 1938 5380 Christus
1949 5342 2086 5393 resurgens.

315 5418 341 5458 v.
354 5407 502 5473 Dicnntqui
514 5406 642 5472 redempti.
789 5418 834 5456 εν.
846 5406 920 5457 Stetit
931 5407 1022 5457 ihesus.
1267 5418 1293 5456 n.
1305 5406 1370 5456 Haec
1381 5406 1434 5456 dies
1443 5422 1526 5470 quam.
1744 5409 1798 5468 (ee.
1810 5405 1930 5472 Aperiens
1941 5411 2035 5470 petros.

314 5495 359 5534 nu.
370 5485 483 5550 Angelus
493 5484 596 5535 domini.
849 5485 933 5534 Mater
943 5485 1147 5550 sequentiarum).
1266 5495 1293 5534 ν.
1306 5484 1415 5535 Dextera
1425 5485 1530 5536 domini.
1744 5497 1791 5535 tw.
1803 5483 1975 5534 Manifestsuit
1985 5499 2019 5534 se.

316 5575 359 5613 ou.
370 5563 483 5613 Intonuit
493 5549 527 5613 de'
536 5563 598 5615 oelo.
826 5561 873 5613 See
885 5562 978 5614 Introd.
992 5567 1005 5622 l
1018 5575 1058 5628 ³⁷·
1269 5573 1313 5613 AL.
1326 5563 1356 5612 ln
1367 5562 1408 5613 die
1419 5563 1612 5617 resurrectionis.
1744 5573 1801 5622 seq.
1812 5561 1894 5616 Clsrls
1905 5563 2030 5628 uocibus).

288 5639 299 5670 ¹
315 5640 346 5693 0.
357 5655 383 5706 p.
397 5653 454 5705 313.
466 5641 493 5692 Z
737 5640 748 5670 ⁸
765 5639 827 5692 Bod
839 5639 916 5691 omits
927 5640 977 5692 this
988 5639 1054 5692 Coll.
1187 5653 1191 5662 ·
1241 5640 1252 5670 ¹
1268 5641 1300 5692 0.
1312 5657 1337 5707 p.
1350 5654 1408 5707 314.
1419 5641 1447 5695 Z.
