5116 6608
1027 615 1128 691 11111
1154 615 1371 709 1171111111.

275 817 346 871 Licet
358 816 424 868 enim
435 815 537 868 castitas
547 813 676 880 uirginalis
686 815 734 866 tibi
746 814 777 865 sit
789 814 862 864 ualde
873 812 996 870 amabilis,
1010 825 1066 878 191.

275 973 434 1025 Maiestatem
444 981 514 1024 tuam
526 973 672 1038 propensius
682 971 852 1037 implorantes,
865 971 905 1022 88.

275 1052 434 1104 Maiestatem
445 1060 514 1102 tuam
526 1050 672 1116 suppliciter
683 1050 842 1115 deprecantes
853 1057 882 1099 ut
893 1047 1010 1116 expulsis,
1025 1061 1080 1113 115.

274 1131 434 1181 Maiestatem
446 1137 515 1180 tuam
526 1129 672 1194 suppliciter
682 1129 842 1193 deprecantes
854 1136 881 1177 ut
892 1127 1020 1184 famulum,
1035 1139 1089 1193 190,
1102 1140 1157 1192 191.

274 1206 434 1259 Maiestatem
446 1216 515 1258 tuam
526 1207 673 1273 suppliciter
683 1207 844 1273 deprecantes
856 1213 883 1255 ut
895 1221 977 1272 opem,
992 1215 1047 1269 117.

274 1285 433 1337 Maiestatem
445 1293 514 1336 tuam
526 1285 673 1351 suppliciter
682 1293 813 1336 exorantes
824 1290 850 1333 ut
862 1284 895 1333 ah
906 1283 1010 1334 ecelesia
1021 1289 1072 1343 tua,
1085 1296 1140 1349 191.

273 1363 452 1416 Misericordia
462 1364 536 1414 dator
546 1372 571 1414 et
582 1365 659 1414 totius
670 1363 798 1420 bonitatis,
811 1364 850 1428 87.

272 1521 390 1572 Natalem
402 1537 421 1571 s.
434 1520 512 1571 felicis
523 1519 638 1585 martyris
647 1521 685 1570 tui
695 1519 789 1580 debita,
804 1533 858 1583 154.

272 1601 329 1651 Nos
338 1601 386 1652 tibi
397 1601 422 1651 in
434 1601 546 1650 omnium
557 1615 589 1650 ss.
601 1606 701 1649 tuorum
713 1599 833 1665 profectu,
847 1597 901 1664 165.

273 1756 437 1807 Obsecrarrtcs
447 1754 643 1806 misericordiam
651 1760 721 1804 tuam
729 1761 756 1804 nt
768 1753 906 1820 squalentes
915 1753 968 1818 agri
978 1753 1105 1816 foecundis
1118 1767 1173 1820 191.

271 1833 438 1885 obsecrantes
448 1840 478 1885 ut
488 1833 542 1885 haec
552 1835 617 1883 atria
628 1833 678 1883 tuis
689 1833 812 1883 initianda
824 1832 992 1894 casamentis,
1005 1845 1059 1883 110.

271 1992 318 2042 Per
328 1991 491 2042 mediatorem
502 1991 543 2040 dei
555 1998 579 2042 et
590 1988 727 2047 hominnm,
740 1990 779 2052 85.

272 2070 319 2120 Per
329 2086 403 2136 quem
415 2068 544 2136 discipulis
555 2070 657 2136 spiritus
668 2085 687 2119 s.
699 2068 725 2117 in
737 2075 802 2118 terra
811 2067 891 2124 datur,
906 2081 961 2130 115,
975 2076 1029 2129 177.

271 2149 319 2198 Ρ11
327 2163 402 2212 quem
414 2165 433 2199 s.
446 2155 471 2198 et
483 2147 640 2198 benedictum
651 2161 742 2196 nomen
754 2145 892 2196 maiestatis
904 2151 962 2202 tusc,
977 2144 1031 2196 116.

271 2225 318 2276 Per
329 2242 403 2292 quem
415 2227 517 2276 humani
528 2226 625 2291 generis
636 2223 870 2287 reconciliationem,
884 2223 924 2275 80.

271 2304 318 2354 Per
328 2320 402 2371 quem
414 2305 487 2355 nohis
499 2304 653 2369 indulgentia
664 2302 775 2368 largitur.
788 2317 828 2368 91.

271 2382 318 2432 Per
330 2398 402 2448 quern
414 2383 533 2449 pietatem
542 2390 610 2434 tuam
623 2382 767 2447 suppliciter
778 2381 894 2447 petimus,
909 2393 963 2444 113.

270 2461 318 2512 Per
328 2477 402 2527 quem
414 2479 434 2513 s.
444 2470 469 2512 et
481 2462 637 2512 benedictum
648 2476 739 2511 nomen
752 2461 891 2511 maiestatis
903 2467 960 2521 tuae,
976 2473 1031 2524 154.

270 2539 318 2590 Ρ11
326 2555 399 2606 quem
407 2539 473 2590 salus
480 2539 565 2590 mundi
577 2556 621 2605 per
629 2554 701 2604 quem
710 2539 764 2588 nita
771 2539 899 2588 hominnm
907 2553 1040 2606 perquem,
1052 2538 1105 2603 198,
1116 2535 1171 2588 166.

270 2617 317 2667 Ρ11
327 2633 402 2684 quem
413 2618 536 2683 supplices
547 2618 704 2684 exposcimus
715 2623 743 2666 ut
754 2616 833 2673 cuius,
846 2629 900 2678 105.

269 2696 316 2746 Ρ11
327 2712 400 2762 quem
412 2704 437 2746 te
448 2696 571 2762 supplices
582 2696 742 2761 deprecamur
753 2701 780 2745 ut
792 2693 870 2746 altare
880 2694 937 2752 hoc,
950 2709 1005 2759 119.

270 2774 317 2824 Per
327 2789 402 2839 quem
413 2781 438 2824 11
450 2774 568 2823 immense
580 2774 604 2824 d.
617 2789 733 2838 rogamus
745 2779 773 2822 nt
784 2772 979 2839 supplicationes
990 2788 1022 2828 1.,
1037 2781 1092 2835 175.

269 2851 441 2903 Persolueutes
451 2852 605 2903 iubilationis
616 2859 640 2901 et
652 2859 754 2901 munera
765 2859 889 2901 sacrantes
903 2850 1076 2916 expiationem,
1092 2850 1145 2903 188.

269 2932 315 2982 Pia
325 2932 458 2982 deuotione
469 2940 539 2982 tuam
551 2931 682 2981 laudantes
693 2930 850 2981 clementiam
861 2931 905 2996 qni
917 2947 957 2987 ss..
972 2943 1026 2996 191.

268 3008 428 3060 Potissimum
439 3009 465 3059 in
476 3009 524 3059 hac
535 3009 575 3059 die
587 3025 636 3074 qua
647 3009 779 3059 transitum
791 3023 811 3058 s.
822 3007 984 3064 celebramus.
998 3009 1052 3072 184.

269 3087 396 3154 Praecipue
408 3089 432 3137 in
444 3088 484 3139 die
495 3089 543 3138 ista
555 3088 580 3137 in
591 3103 639 3152 qna
650 3085 696 3136 filii
709 3087 745 3137 tui
757 3086 876 3152 unigeniti
888 3103 904 3136 a
916 3086 1002 3146 iudeis,
1018 3101 1071 3150 141,
1085 3086 1141 3140 106.

268 3167 318 3217 Pro
328 3182 410 3217 annua
421 3166 577 3217 dedicatione
588 3165 742 3216 tabernaculi
752 3165 826 3214 huius
837 3165 964 3222 honorem,
977 3180 1031 3228 190.

268 3244 317 3296 Pro
329 3245 397 3295 cuius
408 3260 494 3296 amore
505 3244 610 3310 gloriosi
620 3252 741 3308 martyres
752 3244 872 3294 iohannes
883 3251 908 3294 ct
921 3243 1017 3309 paulus,
1030 3254 1085 3308 147.

268 3323 318 3374 Pro
330 3324 400 3373 cuius
410 3322 522 3374 caritatis
533 3323 621 3372 ardore
632 3321 687 3372 istae
696 3329 721 3371 et
733 3338 820 3372 omnes
830 3338 850 3372 s.
862 3322 979 3386 uirgines,
994 3333 1050 3388 174.

267 3401 318 3451 Pro
328 3401 398 3452 cuius
408 3402 509 3452 nomine
520 3401 644 3466 gloriosus
654 3400 731 3450 lenita
740 3401 885 3462 uincentins,
900 3400 954 3463 156.

268 3480 317 3530 Pro
329 3479 398 3529 cuius
408 3481 509 3530 nomine
520 3495 649 3546 poenarum
661 3480 797 3544 mortisque
808 3486 984 3544 contemptum,
1000 3493 1055 3545 157.

268 3559 318 3610 Pro
328 3559 398 3610 cuius
408 3560 510 3610 nomine
521 3558 660 3610 ueneranda
670 3557 823 3610 confessione
834 3560 859 3609 b.
871 3566 972 3624 martyr,
987 3573 1042 3624 140.

268 3637 316 3688 Pro
327 3637 395 3687 cuius
405 3637 514 3688 nominis
525 3637 680 3687 confessione
691 3637 716 3686 b.
727 3644 799 3687 mart.
813 3638 948 3702 gemasius,
962 3651 1017 3702 145.

268 3714 408 3782 Propit'mre
418 3714 644 3781 supplicationibus
654 3730 679 3764 n.
688 3720 714 3765 et
725 3714 840 3765 miserere
851 3714 966 3766 fidelihus
977 3715 1083 3774 famulis,
1096 3728 1150 3781 191.

268 3871 388 3936 Quamuis
399 3870 465 3922 enim
477 3870 544 3920 illius
555 3870 669 3921 sublimis
681 3870 802 3936 angelicae
813 3869 966 3930 substantiae,
979 3882 1034 3936 177Ι
1049 3871 1105 3924 166.

267 3950 349 4016 Quem
360 3950 385 4000 b.
397 3949 537 4000 eustachius
548 3949 696 4000 mirabiliter
707 3949 794 3999 meruit
806 3965 947 4014 agnoscere,
962 3952 1016 4016 189.

267 4027 349 4093 Quem
360 4027 386 4077 in
397 4028 445 4078 hac
456 4033 528 4078 nocte
542 4027 605 4078 inter
615 4043 697 4078 sacras
708 4027 795 4092 epulas
805 4027 980 4092 increpantem,
991 4044 1032 4094 94,
1047 4029 1101 4095 156.

267 4105 348 4169 Quem
360 4105 478 4156 iohannes
489 4105 606 4170 precessit
618 4105 741 4155 nascendo
752 4112 777 4155 11
788 4106 821 4166 in,
833 4117 888 4170 119.

212 4227 213 4232 ,
267 4183 347 4247 Quem
358 4199 405 4249 pro
416 4183 495 4233 salute
506 4183 636 4233 hominum
647 4182 798 4232 nasciturum
809 4181 932 4248 gabrihel,
945 4183 1000 4235 118.

266 4260 318 4325 Qui
329 4261 362 4310 ad
373 4261 545 4311 insinuandum
557 4259 708 4310 humilitatis
718 4276 777 4321 suae,
791 4260 830 4325 84.

266 4339 317 4402 Qui
328 4339 465 4389 aeternitate
475 4338 607 4388 sacerdotii
619 4338 655 4387 sui
668 4354 753 4389 omnes
764 4339 819 4397 tihi,
833 4353 887 4389 110.

266 4417 317 4482 Qui
328 4418 463 4468 ascendens
474 4433 548 4483 snper
558 4433 645 4467 omnes
657 4417 740 4478 caelos,
756 4431 809 4476 111,
823 4417 878 4469 161.

266 4495 315 4561 Qui
327 4497 404 4546 beato
414 4495 575 4561 archipresuli
587 4503 612 4545 et
623 4497 726 4561 martyri
737 4503 781 4546 tuo
793 4496 877 4563 alfego
889 4498 922 4558 in,
936 4511 992 4563 501.

266 4573 317 4638 Qui
327 4572 352 4624 b.
364 4573 466 4639 martyri
480 4581 524 4623 tuo
536 4575 652 4623 uirtutem
664 4574 689 4623 in
701 4574 862 4630 confessione,
876 4577 931 4641 189.

266 4653 316 4718 Qui
327 4653 427 4703 beatum
438 4651 557 4702 albanum
568 4651 689 4703 hodierna
700 4652 741 4702 die
752 4655 863 4718 martyrii
874 4653 963 4720 gloria,
977 4668 1032 4721 199.

265 4730 316 4795 Qui
327 4730 352 4780 h.
364 4729 522 4795 augustinum
534 4729 700 4780 confessorem
712 4737 783 4780 tuum
794 4739 819 4781 et
830 4731 946 4794 scientiae,
961 4731 1016 4797 169,
1029 4734 1084 4799 189.

265 4809 316 4872 Qui
326 4809 352 4858 b.
363 4809 470 4859 birinum
482 4809 648 4859 confessorem
660 4815 729 4857 tuum
741 4809 814 4858 nohis
824 4809 961 4871 doctorem,
974 4810 1028 4874 187.

266 4886 316 4951 Qui
327 4887 427 4937 beatum
439 4887 588 4936 dunstanum
600 4885 765 4936 confessorem
777 4893 848 4937 tuum
860 4887 1018 4953 praelegisti,
1033 4888 1087 4953 185.

266 4964 317 5029 Qui
328 4965 429 5015 beatum
440 4971 540 5029 petrum
550 4964 695 5029 apostolum
705 4964 807 5029 pietatis
818 4965 926 5030 respexit
937 4966 1035 5024 intuitu,
1049 4981 1103 5033 191.

265 5043 316 5106 Qui
327 5042 478 5093 continuatis
488 5043 522 5092 xl.
536 5042 624 5093 diebus
636 5048 661 5092 et
671 5042 797 5099 noctibus,
811 5053 850 5108 75.

265 5121 315 5186 Qui
326 5120 450 5185 corporali
463 5120 556 5171 ieiunio
567 5120 630 5170 uitia
641 5121 800 5185 compromis,
814 5135 836 5185 5,
851 5133 890 5187 74,
904 5134 961 5186 155.

265 5198 315 5264 Qui
326 5214 423 5249 11110111
434 5199 545 5250 ascendit
555 5197 700 5266 sangninem
712 5197 775 5248 fudit
787 5206 813 5249 11
824 5215 931 5257 omnem,
946 5213 1000 5265 159.

264 5277 384 5342 Quicum
396 5277 535 5342 unigenitus
546 5284 603 5327 tuns
614 5278 639 5326 in
651 5277 790 5328 substantia
800 5294 825 5328 1.
837 5277 1004 5339 mortalitatis,
1018 5291 1074 5343 154.

265 5355 316 5419 Qui
327 5371 384 5406 cum
395 5355 524 5420 unigenito
534 5355 637 5405 filiotuo
649 5362 674 5405 et
685 5355 774 5420 spiritu
783 5371 803 5407 s.
814 5371 883 5418 unns,
899 5368 955 5420 115,
971 5355 1026 5420 176,
1038 5356 1093 5420 161,
1108 5355 1163 5410 166.

265 5433 316 5498 Qui
326 5433 372 5485 das
383 5449 466 5484 110111
478 5434 545 5484 omni
558 5434 625 5484 carni
636 5440 661 5484 et
672 5449 726 5496 nos,
740 5433 779 5499 76.

265 5511 316 5575 Qui
327 5512 359 5562 de
370 5512 466 5577 uirgine
477 5513 546 5562 nasci
557 5512 673 5577 dignatus
684 5528 729 5577 per
740 5513 891 5578 passionem,
905 5510 959 5563 106.

265 5589 315 5654 Qui
326 5589 495 5655 delinquentes
506 5590 585 5654 perire
596 5605 645 5639 non
656 5591 756 5656 pateris,
769 5590 809 5642 81.

245 5670 256 5714 1
266 5668 316 5733 Qui
327 5667 490 5720 dissimulatis
501 5666 616 5718 hnmanae
626 5666 770 5734 fragilitatis
783 5668 891 5736 peccatis
902 5668 1042 5728 sacerdotii,
1056 5669 1111 5722 181.

2055 639 2128 712 ³²9

1194 835 1196 842 ¹
1229 812 1278 876 Qui
1289 813 1451 864 dissimulatis
1464 814 1572 880 peccatis
1583 813 1700 866 humanae
1711 815 1854 883 fragilitatis
1864 815 1945 874 nobis,
1958 827 2015 882 191.

1228 891 1279 954 Qui
1290 891 1351 941 dum
1363 893 1387 941 b.
1399 893 1494 942 tiburtii
1507 901 1579 944 mart.
1591 894 1796 960 meritagloriosa
1808 909 1959 949 ueneremur,
1973 906 2028 957 154.

1228 969 1278 1033 Qui
1289 968 1349 1019 dum
1361 969 1466 1021 libenter
1478 988 1501 1021 n.
1513 973 1664 1037 penitudinis
1676 973 1871 1024 satisfactionem
1884 971 1996 1037 suscipis,
2010 971 2065 1023 181.

1227 1048 1277 1110 Qui
1288 1048 1398 1100 ecclesiae
1409 1057 1459 1101 tuae
1470 1048 1535 1100 lilios
1547 1051 1570 1100 b.
1584 1051 1723 1116 hieronymi
1734 1051 1795 1102 facis
1806 1051 1932 1108 doctrinis,
1945 1049 2000 1102 161.

1227 1125 1278 1189 Qui
1290 1126 1400 1178 ecclesia
1412 1135 1461 1179 tuae
1473 1127 1538 1177 tilios
1548 1129 1612 1179 sicut
1624 1145 1674 1178 non
1684 1145 1764 1179 cessas
1775 1129 1879 1189 erudire,
1893 1142 1948 1193 115.

1227 1202 1277 1265 Qui
1289 1203 1417 1254 ecclesiam
1430 1212 1498 1255 tuam
1510 1206 1536 1255 in
1549 1206 1687 1269 apostolica
1699 1206 1833 1266 soliditate,
1850 1219 1904 1269 141,
1918 1220 1972 1271 190.

1227 1281 1277 1345 Qui
1293 1280 1423 1333 ecclesiam
1438 1290 1507 1333 tuam
1523 1285 1549 1333 in
1563 1283 1710 1349 apostolicis
1727 1285 1836 1334 tribuisti
1851 1285 1990 1342 consistere,
2005 1281 2128 1350 169165,

1261 1359 1315 1421 165,
1329 1374 1385 1426 190.

1226 1438 1277 1502 Qui
1289 1438 1419 1490 ecclesiam
1431 1445 1499 1490 tuam
1511 1441 1536 1490 in
1548 1440 1597 1490 tuis
1610 1439 1723 1491 fidelibus
1735 1442 1826 1506 ubique
1837 1439 1981 1506 pollentem,
1997 1438 2050 1499 161,
2064 1450 2120 1506 171.

1226 1515 1276 1580 Qui
1288 1516 1418 1567 ecclesiam
1431 1524 1498 1567 tuam
1510 1519 1660 1583 sempiterna
1672 1521 1765 1584 pietate
1776 1535 1826 1569 non
1837 1519 1958 1579 deserens,
1973 1532 2027 1582 190.

1226 1592 1275 1656 Qui
1284 1594 1414 1644 ecclesiam
1423 1602 1491 1644 tuam
1501 1597 1650 1662 sempiterna
1659 1598 1754 1662 pietate
1766 1613 1816 1646 non
1827 1598 1926 1657 deseris,
1939 1595 1994 1662 156,
2004 1594 2060 1660 164,
2071 1595 2128 1660 165.

1226 1670 1276 1734 Qui
1287 1688 1313 1722 es
1324 1673 1445 1722 iustorum
1457 1673 1539 1739 gloria
1551 1680 1575 1724 et
1587 1674 1757 1725 misericordia
1765 1681 1934 1741 peccatorum,
1950 1688 1988 1732 11,
2001 1687 2056 1741 190,
2070 1689 2127 1740 191.

1226 1750 1276 1814 Qui
1288 1767 1314 1801 es
1326 1752 1439 1801 omnium
1450 1768 1542 1802 corona
1554 1768 1586 1802 ss.
1598 1753 1690 1818 quique
1702 1755 1818 1804 concedis
1829 1753 1991 1819 triumphum,
2007 1752 2063 1816 185.

1226 1827 1276 1892 Qui
1287 1845 1314 1880 es
1325 1829 1493 1881 sanctificator
1503 1838 1529 1880 et
1540 1831 1667 1881 institutor
1677 1831 1840 1889 abstinentiae,
1854 1831 1908 1883 118.

1225 1909 1275 1972 Qui
1287 1916 1324 1959 est
1335 1911 1388 1960 dies
1399 1918 1505 1961 aetemus
1516 1911 1560 1960 lux
1571 1909 1721 1968 indeficiens,
1734 1912 1774 1974 87.

1225 1988 1275 2052 Qui
1286 1988 1394 2039 famulos
1405 1997 1462 2042 tuos
1471 1989 1569 2054 (igitur)
1577 1989 1740 2054 corporaliter
1747 1991 1862 2040 uerberas
1870 1996 1898 2039 ut
1905 1995 1994 2046 merite,
2006 2001 2060 2055 195,
2071 2000 2127 2054 195.

1225 2066 1276 2130 Qui
1288 2066 1381 2116 foedera
1392 2067 1534 2132 nuptiarum
1546 2066 1640 2117 blando
1652 2068 1792 2119 concordiae
1801 2069 1861 2134 ingo
1873 2075 1905 2124 et,
1919 2069 1974 2125 118,
1988 2083 2043 2132 195.

1225 2145 1275 2209 Qui
1287 2145 1448 2210 fragilitatem
1460 2163 1485 2198 n.
1498 2163 1547 2196 non
1558 2147 1640 2196 solum
1652 2147 1844 2198 misericorditer
1856 2147 1961 2212 (donis),
1976 2163 2013 2213 15,
2028 2145 2083 2213 184.

1225 2223 1275 2287 Qui
1287 2224 1369 2288 generi
1382 2223 1490 2274 humano
1501 2224 1626 2275 nascendo
1638 2226 1760 2282 subuenit,
1776 2239 1831 2290 109.

1224 2301 1274 2363 Qui
1285 2317 1363 2367 genus
1373 2302 1508 2352 humanum
1521 2303 1733 2369 prauaricatione,
1745 2301 1785 2369 69.

1224 2379 1274 2443 Qui
1285 2379 1433 2444 glorificaris
1444 2382 1470 2432 in
1481 2389 1579 2430 tnomm
1591 2383 1743 2432 confessione
1752 2397 1792 2445 ss,
1808 2395 1863 2446 154.

1224 2458 1274 2522 Qui
1286 2459 1422 2508 humanum
1433 2475 1510 2524 genus
1522 2459 1554 2509 de
1566 2459 1689 2525 profundo
1701 2461 1788 2512 mortis
1798 2462 1911 2526 eripiens,
1926 2460 1981 2524 156.

1224 2537 1274 2601 Qui
1284 2537 1341 2587 ideo
1353 2538 1427 2587 malis
1437 2538 1598 2602 praesentibus
1608 2553 1654 2588 nos
1665 2538 1778 2604 flagellas
1788 2547 1816 2590 ut
1828 2542 1858 2590 ad
1870 2540 1944 2598 bona,
1958 2540 2012 2604 187.

1224 2617 1274 2680 Qui
1287 2615 1472 2667 illuminatione
1483 2633 1533 2667 snae
1546 2616 1602 2666 fidei
1615 2617 1730 2668 tenebras
1742 2617 1846 2682 expulit,
1858 2619 1898 2679 86,
1913 2632 1969 2685 155.

1223 2695 1274 2759 Qui
1284 2695 1309 2743 in
1321 2694 1466 2745 alimentum
1479 2695 1591 2760 corporis
1601 2695 1775 2754 humanarum,
1786 2708 1825 2762 77.

1223 2773 1272 2837 Qui
1285 2773 1310 2823 iu
1322 2774 1432 2823 omnium
1444 2789 1476 2824 ss.
1487 2779 1586 2822 tuorum
1597 2789 1624 2825 es
1635 2775 1803 2839 prosectione,
1818 2790 1856 2826 10.

1222 2851 1273 2914 Qui
1285 2851 1311 2900 in
1321 2851 1447 2916 principio
1460 2852 1525 2901 inter
1537 2859 1620 2901 cetera
1632 2853 1752 2903 bonitatis
1763 2861 1789 2904 et
1800 2853 1911 2920 pietatis,
1924 2868 1980 2914 111,
1993 2867 2048 2920 159.

1222 2928 1273 2994 Qui
1283 2930 1400 2980 innocens
1412 2946 1459 2995 pro
1468 2929 1552 2994 impiis
1563 2930 1644 2980 uoluit
1656 2932 1718 2996 pati,
1731 2946 1771 2997 91.

1221 3006 1272 3072 Qui
1283 3007 1367 3059 ieiunii
1378 3008 1552 3058 obseruatione
1563 3015 1587 3058 et
1599 3008 1817 3074 eleemosynarum,
1831 3011 1870 3074 78.

1222 3085 1271 3150 Qui
1283 3085 1368 3136 ieiunii
1379 3087 1602 3152 quadragesimalis
1614 3087 1796 3146 obseruatione,
1808 3090 1849 3154 84.

1221 3164 1272 3228 Qui
1283 3164 1383 3230 inspicis
1395 3164 1576 3232 cogitationum
1587 3174 1681 3216 secreta
1693 3173 1718 3218 et
1731 3166 1811 3216 omnis
1822 3183 1847 3217 n.
1858 3167 1959 3227 mentis,
1972 3177 2028 3234 177.

1221 3243 1271 3306 Qui
1283 3243 1354 3292 iustis
1365 3252 1458 3309 praesto
1468 3259 1494 3295 11
1505 3244 1729 3309 supplicationibus
1740 3247 1863 3304 miserere,
1878 3259 1916 3297 11.

1221 3321 1271 3385 Qui
1285 3321 1352 3370 iusto
1362 3321 1454 3388 pioque
1465 3322 1633 3373 moderamine
1645 3330 1669 3374 et
1682 3339 1737 3390 pro,
1750 3337 1805 3373 111.

1221 3399 1270 3464 Qui
1282 3400 1401 3449 mundum
1411 3415 1456 3465 per
1466 3416 1499 3450 ss.
1511 3400 1626 3450 doctores
1637 3403 1670 3450 ad
1682 3417 1747 3452 uerae
1758 3400 1817 3452 fidei
1828 3401 1989 3468 agnitionem,
2004 3416 2058 3467 154.

1221 3479 1271 3543 Qui
1282 3478 1354 3528 nobis
1365 3479 1389 3528 in
1401 3495 1424 3528 x.
1437 3479 1566 3543 unigenito
1578 3478 1630 3530 filio
1643 3483 1710 3541 (tuo)
1722 3480 1781 3530 dno.
1792 3496 1817 3530 n.
1828 3495 1905 3546 spem,
1919 3492 1974 3544 107,
1987 3479 2043 3541 166,
2056 3494 2111 3547 195.

1219 3557 1270 3620 Qui
1282 3572 1330 3606 non
1342 3557 1423 3606 solum
1434 3567 1536 3622 peccata
1546 3557 1653 3608 dimittis
1664 3559 1706 3612 sed
1717 3559 1786 3624 ipsos
1797 3558 1880 3620 etiam,
1895 3573 1951 3625 119.

1220 3634 1271 3698 Qui
1282 3651 1328 3684 nos
1338 3634 1442 3686 assiduis
1453 3643 1588 3700 martynum
1600 3637 1758 3701 passionibus
1769 3637 1907 3688 consolaris
1918 3643 1951 3695 et,
1965 3636 2020 3688 168.

1220 3714 1270 3778 Qui
1281 3729 1328 3763 nos
1336 3713 1483 3778 castigando
1493 3728 1566 3763 sanas
1577 3721 1602 3764 et
1614 3714 1756 3772 refouendo,
1770 3729 1824 3766 110.

1219 3791 1270 3856 Qui
1286 3807 1332 3840 nos
1341 3791 1373 3841 de
1383 3791 1455 3841 donis
1466 3791 1588 3841 bonorum
1600 3793 1781 3858 temporalium,
1793 3805 1848 3845 110.

1220 3869 1269 3934 Qui
1280 3885 1327 3919 nos
1338 3869 1395 3920 ideo
1405 3869 1518 3919 collectis
1528 3875 1599 3919 terrae
1610 3869 1737 3928 fructibus,
1752 3884 1807 3922 111.

1219 3948 1269 4012 Qui
1280 3963 1327 3998 nos
1337 3962 1381 4012 per
1392 3945 1510 4013 paschale
1521 3947 1664 4010 mysterium
1675 3948 1783 4007 edocuit,
1797 3965 1851 4001 101.

1219 4028 1270 4091 Qui
1280 4026 1357 4076 nostri
1369 4025 1500 4074 saluatoris
1510 4025 1586 4075 hodie
1597 4025 1639 4076 lux
1652 4041 1717 4086 uera,
1733 4043 1788 4095 154.

1218 4105 1268 4171 Qui
1279 4106 1314 4155 ob
1324 4104 1462 4154 animamm
1473 4103 1595 4153 medelam
1606 4105 1699 4164 ieiunii,
1710 4107 1750 4156 80.

1218 4184 1268 4249 Qui
1280 4183 1409 4233 oblatione
1420 4181 1458 4231 sui
1469 4183 1581 4246 corporis
1592 4183 1694 4234 remotis
1705 4184 1890 4244 sacrificiorum,
1904 4199 1958 4237 101.

1217 4263 1268 4328 Qui
1280 4277 1353 4312 omne
1363 4276 1441 4324 genus
1452 4260 1587 4311 humanum
1598 4261 1689 4312 callida
1699 4263 1747 4313 diri
1759 4265 1886 4330 serpentis.
1900 4265 1955 4328 185.

1218 4340 1267 4406 Qui
1280 4355 1353 4390 omne
1363 4355 1442 4404 genus
1453 4338 1589 4388 humanum
1599 4339 1737 4392 calliditate
1748 4343 1843 4408 antiqui
1854 4344 1982 4409 serpentis,
1996 4342 2051 4396 186.

1217 4417 1268 4484 Qui
1279 4418 1436 4485 peccantium
1448 4433 1497 4468 non
1508 4417 1546 4467 uis
1557 4418 1654 4468 animas
1666 4420 1754 4484 perire,
1767 4422 1807 4472 81.

1218 4497 1267 4563 Qui
1279 4503 1384 4563 peccato
1395 4496 1470 4561 primi
1480 4497 1591 4561 parentis
1602 4495 1735 4556 hominem,
1747 4496 1788 4548 66.

1217 4576 1267 4642 Qui
1277 4591 1322 4640 per
1332 4575 1357 4625 b.
1370 4573 1455 4624 mariae
1465 4573 1569 4638 uirginis
1581 4577 1681 4639 partum
1692 4575 1801 4626 ecclesiae
1812 4583 1868 4634 tua,
1881 4587 1920 4641 71,
1934 4578 1989 4636 161,
2002 4578 2059 4644 165.

1217 4655 1267 4719 Qui
1278 4669 1322 4719 per
1333 4653 1451 4702 incarnati
1463 4652 1533 4702 uerbi
1544 4652 1687 4717 mysterium
1697 4670 1764 4704 noua
1775 4657 1870 4715 mentis,
1885 4669 1940 4720 154,
1954 4655 2008 4707 161.

1217 4734 1267 4800 Qui
1279 4749 1323 4798 per
1334 4731 1475 4797 passionem
1487 4723 1566 4782 crucis
1577 4730 1697 4781 mundum
1707 4732 1818 4792 redemit,
1832 4748 1886 4799 141,
1902 4748 1955 4802 159,
1969 4735 2025 4800 165.

1217 4812 1268 4878 Qui
1278 4809 1376 4877 perficis
1388 4809 1412 4859 in
1421 4808 1563 4860 infirmitate
1573 4810 1690 4860 uirtutem
1701 4819 1727 4862 et
1737 4812 1847 4870 humani,
1860 4813 1914 4880 167.

1217 4889 1266 4956 Qui
1279 4895 1337 4955 post
1348 4887 1549 4937 resurrectionem
1561 4903 1632 4937 snam
1645 4889 1760 4939 omnibus
1771 4890 1907 4956 discipulis,
1922 4907 1979 4959 109,
1991 4893 2047 4946 161.

1216 4969 1268 5033 Qui
1279 4981 1454 5033 precursorem
1466 4965 1512 5016 tilii
1523 4967 1560 5015 tui
1572 4972 1644 5016 tanto
1654 4982 1754 5018 munere
1765 4967 1853 5019 ditasti
1865 4977 1900 5028 ut,
1913 4981 1969 5036 157,
1983 4973 2038 5036 165.

1216 5047 1267 5112 Qui
1278 5061 1324 5111 pro
1335 5059 1421 5094 amore
1431 5044 1560 5094 hominum
1571 5043 1651 5094 factus
1661 5045 1687 5094 in
1699 5046 1887 5097 similitudinem
1898 5051 1986 5108 camis,
2001 5053 2054 5102 181.

1216 5125 1267 5189 Qui
1278 5140 1323 5190 pro
1334 5123 1406 5174 nobis
1417 5129 1508 5173 aeterno
1519 5123 1584 5188 patri
1595 5123 1658 5184 adae,
1672 5136 1711 5188 59,
1723 5123 1764 5189 96,
1779 5127 1834 5187 158.

1216 5203 1265 5269 Qui
1277 5219 1324 5269 pro
1336 5201 1504 5264 redemptione
1516 5216 1545 5251 ac
1556 5201 1635 5252 salute
1646 5202 1755 5261 humani,
1770 5215 1809 5267 17.

1216 5282 1266 5347 Qui
1276 5281 1425 5348 promissum
1436 5279 1548 5344 spiritum
1561 5279 1713 5346 paraclytum
1726 5296 1807 5347 super,
1822 5294 1876 5334 111.

1215 5360 1265 5425 Qui
1276 5366 1423 5426 properante
1433 5359 1508 5409 iacob
1518 5359 1565 5408 suh
1576 5358 1702 5409 felicitatis
1714 5361 1847 5412 commoda
1856 5362 1953 5424 itinera,
1968 5379 2024 5432 191.

1216 5438 1265 5503 Qui
1277 5445 1407 5503 propterea
1415 5437 1489 5503 punis
1499 5445 1609 5486 errantes
1619 5443 1645 5487 et
1656 5437 1796 5496 clementer,
1810 5453 1864 5505 114

1215 5517 1265 5581 Qui
1276 5515 1450 5566 rationabilem
1462 5521 1599 5564 creaturam
1611 5529 1642 5566 ne
1654 5515 1840 5581 temporalibus,
1853 5529 1893 5584 71.

1215 5593 1265 5660 Qui
1276 5600 1456 5645 sacramentum
1468 5591 1585 5659 paschale
1596 5608 1777 5654 consumam,
1793 5609 1849 5646 111.

1215 5672 1266 5738 Qui
1273 5672 1379 5724 salutem
1386 5672 1499 5740 (humaui
1506 5672 1616 5737 generis)
1625 5672 1650 5722 in
1659 5671 1729 5738 ligno
1736 5672 1816 5724 crucis
1823 5675 1984 5741 constituisti,
1994 5679 2048 5742 178,
2057 5676 2113 5730 166.

1791 5755 1816 5810 U
1832 5765 1854 5810 u
