5124 6608
501 576 608 652 wore
635 577 677 651 tt
703 589 775 671 pust
799 577 920 672 Θρήιξ).
1433 580 1537 658 urm.
1564 583 1606 657 u.
1633 585 1664 656 t.
1691 595 1763 676 pust
1783 584 1907 676 tiptpt.
2073 588 2121 674 69

269 777 396 843 uirtutis
415 776 573 861 operatio,
591 785 628 842 ut
649 777 769 842 diuinis
784 776 930 862 uegetati
945 777 1169 856 sacramentis,
1374 778 1465 844 mom.
1481 779 1532 845 iiii
1553 781 1623 860 post
1643 779 1833 862 tpqpbsrrianr
1852 778 1968 845 homini

268 877 310 941 ad
336 897 448 942 eorum
475 877 637 960 promissa
661 877 822 961 capienda
845 885 906 942 tuo
932 896 1069 942 munere
1094 898 1169 962 pre-

1265 923 1367 999 Deus,
1391 925 1449 1006 qui
1475 945 1536 990 nos
1564 926 1598 990 in
1624 925 1727 990 tantis
1748 924 1903 1008 periculis
1924 925 2123 990 constitutos

268 996 428 1060 paremur.
472 975 560 1041 Pers
2120 1007 2124 1020 ·

1220 1043 1280 1105 pro
1295 1022 1440 1088 humana
1455 1025 1518 1089 scis
1538 1023 1717 1108 fragilitate
1737 1045 1803 1089 non
1819 1044 1916 1108 posse
1934 1024 2122 1101 subsistere,

603 1087 833 1172 Adimam·
1219 1125 1264 1187 da
1285 1124 1382 1188 nobis
1399 1124 1542 1190 salutem
1565 1127 1685 1190 mentis
1704 1136 1738 1191 et
1758 1125 1911 1208 corporis,
1928 1135 1966 1189 ut
1987 1144 2028 1189 ea
2047 1145 2123 1207 quae

310 1211 492 1291 Auxiliare,
518 1214 661 1292 domine,
687 1215 814 1299 populo
838 1224 905 1296 tuo,
930 1225 968 1280 ut
992 1234 1084 1298 sacre
1109 1215 1168 1280 de·
1220 1243 1280 1307 pro
1301 1225 1446 1307 peccatis
1468 1225 1587 1290 nostris
1608 1227 1762 1309 patimur,
1784 1233 1818 1288 te
1839 1223 2028 1302 adiuuante,
2051 1224 2123 1288 uin·

268 1313 409 1378 uotionis
437 1311 611 1398 proficiens
636 1314 859 1392 incrementis,
885 1323 919 1380 et
948 1324 1008 1378 tuo
1037 1335 1169 1398 semper
1219 1343 1342 1388 camus,
1387 1324 1451 1390 Per
1465 1324 1638 1391 dominum
1655 1334 1828 1391 nostrum

269 1433 402 1478 munere
423 1413 632 1496 gubemetur‚
651 1424 686 1479 et
708 1415 751 1477 ad
773 1405 1012 1499 redemptidnis
1034 1425 1168 1481 aetemae

269 1514 438 1594 pertineat,
453 1523 487 1578 te
502 1514 653 1593 ducente,
669 1514 881 1580 consortium.
925 1513 1013 1580 Ρετ.γ
1552 1492 1660 1576 SW'
1673 1490 1789 1558 Oblata·

1264 1612 1429 1693 Concede,
1442 1637 1630 1701 quesumus,
1643 1618 1854 1701 omnipotens
1868 1617 1961 1692 deus,
1973 1622 2011 1679 ut
2026 1615 2123 1680 huius

450 1757 454 1767 -
530 1770 547 1786 ,,
812 1770 819 1787 ,
1219 1714 1366 1781 sacrificii
1383 1737 1502 1782 munus
1519 1717 1706 1784 oblatuml
1761 1717 1900 1783 ilitatem
1916 1725 2063 1781 nostram
2078 1715 2122 1780 ab

419 1769 510 1834 Μ’
527 1770 567 1834 ni
587 1774 657 1852 Ῥω
678 1768 867 1852 ‘mmm
887 1773 1023 1838 mim
1219 1816 1311 1880 omni
1326 1815 1415 1882 malo
1430 1829 1549 1902 purget
1564 1737 1897 1903 semperreatgmuniat.
1943 1815 2030 1882 Per-⁷

310 1931 532 2016 Omnipotens
570 1933 772 2015 sempiterne
811 1933 903 2012 deus,
940 1934 1167 2000 infirmitatem
1723 1994 1731 2010 ,

269 2041 411 2098 nostram
426 2031 589 2117 propitius
603 2031 740 2115 respice,
752 2041 854 2116 atque
867 2036 911 2099 ad
927 2034 1167 2120 protegendum
1580 1993 1755 2076 P'oefa'w·

268 2152 327 2198 nos
341 2132 516 2198 dexteram
532 2141 600 2196 tuae
615 2133 799 2198 maiestatis
814 2135 971 2200 extende.
1017 2135 1103 2200 Perr
1264 2117 1309 2184 U·
1335 2118 1378 2185 Ι).
1408 2130 1533 2185 aeteme
1562 2121 1655 2184 deus.
1708 2118 1775 2204 Qui
1805 2137 1911 2200 genus
1939 2116 2122 2182 humanum

1219 2220 1489 2300 praeuaricatione
1503 2239 1563 2283 sua
1578 2220 1612 2282 in
1626 2218 1728 2303 ipsius
1748 2218 1874 2301 origine
1893 2218 2123 2300 dampnatum,

654 2308 794 2376 Secreta.
1219 2337 1279 2400 per
1304 2317 1419 2382 florem
1446 2317 1616 2402 uirginalis
1639 2319 1723 2384 uteri
1747 2319 1886 2383 reddere
1908 2316 2065 2401 dignatus
2088 2338 2123 2382 es

310 2434 395 2499 Haec
403 2433 520 2512 hostia,
533 2433 676 2512 domine,
686 2454 875 2517 quesumus,
887 2437 1046 2502 emundet
1055 2445 1168 2502 nostra
1219 2418 1418 2484 absolutum.
1464 2419 1510 2484 Et
1538 2418 1710 2484 hominem
1740 2437 1841 2502 quem
1870 2418 2004 2481 unicum
2034 2435 2124 2481 crea·

265 2533 395 2606 delicta.
419 2543 454 2598 et
479 2532 673 2598 sacrificium
700 2533 935 2599 celebrandum
960 2535 1167 2601 subditomm
1219 2539 1315 2583 ueras
1337 2540 1399 2601 Pflf
1427 2518 1532 2583 filium
1558 2529 1653 2584 tuum
1679 2518 1781 2583 deum
1811 2527 1846 2582 0¹
1874 2517 2044 2581 hminem
2075 2535 2124 2579 fe·

264 2633 324 2699 trlni
339 2652 477 2718 corpora
491 2644 686 2717 mentesque
701 2633 893 2699 sanctificet.
938 2633 1028 2700 Pers
1220 2638 1367 2698 creares;
1398 2629 1436 2686 ut
1457 2618 1618 2716 diabolus,
1637 2617 1694 2702 qui
1716 2619 1816 2683 adam
1839 2618 1873 2683 in
1895 2617 2002 2699 fragili
2026 2635 2123 2680 carue

1219 2718 1396 2794 deuicerat,
1422 2729 1618 2785 conseruata
1640 2719 1766 2783 iustitia
1790 2737 1811 2780 a
1836 2717 1902 2782 deo
1930 2736 2028 2781 came
2051 2717 2124 2779 uin·

631 2809 804 2892 Proefatio.
1219 2828 1348 2884 ceretur
1364 2827 1545 2902 assumpta.
1587 2819 1650 2884 Per
1664 2837 1766 2901 quem
1776 2817 1798 2882 ¹.

307 2937 351 3004 U.
367 2937 410 3002 D.
433 2945 556 3001 aeterne
581 2937 673 3002 deus.
718 2937 764 3002 Et
785 2945 821 3002 te
845 2939 879 3002 in
901 2939 992 3002 omni
1016 2947 1168 3023 tempore
1517 2982 1579 3046 Ad
1588 2979 1818 3064 complendum,

264 3037 460 3102 conlaudare
489 3046 525 3102 et
553 3036 758 3116 benedicere,
785 3037 863 3120 quia
892 3037 926 3101 in
953 3047 988 3103 te
1013 3039 1167 3112 uiuimus,
1996 3105 2004 3120 ⁹
2053 3105 2059 3118 ·

264 3157 443 3215 monemur,
457 3145 492 3201 et
503 3156 626 3203 sumus.
648 3134 852 3202 Et²nullum
864 3134 1167 3221 tempus²nu11um
1263 3107 1404 3173 Munera
1441 3117 1499 3173 tua
1536 3103 1634 3193 (ΗΘΒ),
1667 3108 1759 3182 ‘10⁰⁸’
1792 3127 1813 3170 ἓ
1849 3104 2124 3170 delectatffifflbus

263 3257 327 3320 que
338 3245 546 3301 momentum
558 3246 618 3314 est,
631 3236 721 3319 quod
733 3257 754 3300 a
769 3236 937 3302 beneficiis
951 3239 1086 3322 pietatis
1101 3247 1168 3303 ωε
1219 3210 1356 3273 terrenis
1369 3209 1560 3292 expediant,
1572 3219 1607 3274 et
1618 3207 1806 3273 caelestibus
1814 3226 1946 3289 semper
1957 3206 2123 3270 instnrant

263 3357 404 3402 uacuum
434 3335 664 3417 transigamus.
712 3335 825 3402 Uariis
851 3337 975 3401 etenim
999 3336 1167 3403 sollemni·
1219 3306 1394 3374 alimenti&
1440 3309 1525 3376 Pes-⁷

263 3445 368 3500 tatum
385 3435 493 3500 causis
508 3434 701 3499 salutarium
718 3435 815 3500 nobis
830 3454 969 3520 operum
984 3445 1117 3502 tuorum
1133 3445 1168 3500 et
1551 3439 1785 3526 Adpopulm

264 3554 436 3599 munerum
460 3536 628 3614 memoria,
642 3537 805 3619 presentis
820 3535 889 3618 uite
903 3545 1055 3619 tempora
1069 3556 1167 3600 exor-
1264 3565 1398 3651 porrige
1427 3569 1603 3634 dexteram
1632 3577 1734 3642 tuam,
1761 3583 1950 3649 quesumus,
1980 3561 2123 3642 domine,

263 3643 353 3749 nant:
399 3631 501 3748 Unde
523 3644 559 3699 et
584 3655 645 3699 ¹¹⁰⁵
669 3635 723 3700 ¹¹⁶¹
746 3635 928 3750 5¹²‚¹¹⁰¹¹³¹¹,t⁶
952 3635 1070 3701 mitia
1095 3656 1168 3719 9¹⁶⁰
1218 3665 1308 3750 plebi
1318 3675 1482 3750 tue.tuam
1494 3665 1751 3733 misericordiam
1760 3663 1951 3748 postulanti,
1958 3683 2122 3746 perquam

262 3743 349 3798 tenu
363 3733 486 3817 ἕψω
498 3733 552 3798 ¹¹⁶¹
563 3754 623 3818 Pes
634 3742 798 3800 mmm
812 3735 893 3799 b⁰¹¹¹
904 3743 1037 3819 tempus
1049 3756 1169 3820 ²3¹¹&
1219 3775 1253 3830 et
1265 3764 1717 3840 erroresdeclinethumanos‚
1726 3774 1759 3829 et
1768 3763 1887 3828 solatia
1897 3763 1965 3845 uite
1974 3761 2124 3826 mortalis

262 3831 571 3998 gentglqriiqgleses'sas
580 3834 744 3898 maiestati
754 3844 822 3899 tuae
831 3842 943 3918 grates
952 3835 1168 3902 exsoluimus.
1218 3866 1368 3949 accipiat·
1401 3877 1436 3934 et
1464 3867 1668 3950 sempiterna
1696 3863 1819 3948 gaudia
1852 3860 2122 3945 comprehendat,

289 3952 325 3998 er
440 3953 529 3997 um.
1219 3962 1305 4033 perp

566 4044 627 4110 Ad
637 4045 866 4129 complendum.

306 4169 400 4254 Quos
433 4171 545 4246 tantis,
576 4171 720 4249 domine,
749 4169 876 4256 largiris
908 4170 956 4235 uti
991 4170 1166 4253 mysteriis,

265 4290 452 4352 quesumus,
472 4279 510 4334 ut
532 4269 705 4335 effectibus
728 4291 843 4336 eorum
866 4271 1028 4336 ueraciter
1049 4280 1166 4356 aptare
1262 4277 1439 4342 Familiam
1461 4285 1564 4348 tuam,
1588 4293 1778 4357 quesumus,
1800 4271 1944 4348 domine,
1967 4271 2123 4336 continua

264 4370 415 4454 digneris.
461 4369 524 4434 Per
537 4371 710 4435 dominum
728 4381 904 4438 nostrum-⁷
1219 4379 1345 4461 pietate
1355 4375 1495 4448 custodi.
1508 4384 1546 4439 ut
1558 4394 1633 4457 quae
1644 4373 1678 4436 in
1689 4371 1762 4436 sola
1779 4392 1839 4455 spe
1850 4370 1966 4454 gratiae
1981 4367 2122 4434 caelestis

1218 4478 1377 4555 innititur,
1388 4485 1446 4542 tua
1460 4494 1592 4557 semper
1606 4470 1813 4556 protectione
1827 4469 2002 4536 muniatur.
2025 4467 2111 4532 Per.⁷

1370 4131 1460 4195 Bon.
1476 4131 1504 4194 t.
1525 4132 1594 4211 post
1616 4125 1805 4208 rpqpljantan
1823 4125 1933 4190 nomini
1941 4125 1963 4188 ¹.

598 4546 660 4612 Ad
663 4547 827 4630 populum.

306 4668 416 4745 Adsit,
440 4671 583 4749 domine,
602 4691 790 4754 quesumus,
814 4671 1004 4755 propitiatio
1027 4678 1085 4735 tua
1106 4690 1166 4753 po.
1599 4633 1739 4699 Secreta·

266 4769 341 4851 P¹¹l⁰
356 4769 565 4854 supplicanti,
580 4779 618 4834 ut
632 4771 734 4854 quod,
750 4780 785 4835 te
800 4772 989 4854 inspirante,
1005 4769 1165 4853 expleuit,
1263 4765 1402 4830 Hostias
1420 4761 1491 4838 tibi,
1511 4759 1655 4837 domine,
1674 4756 1870 4842 placationis
1890 4755 2069 4833 offerimus,
2085 4763 2124 4818 ut

267 4879 322 4933 21¹2
337 4870 435 4934 celeri
450 4869 605 4953 largitate
618 4870 787 4953 percipiat.
832 4868 927 4934 Per⁴.
1218 4876 1254 4932 et
1268 4864 1390 4929 delicta
1412 4872 1524 4926 nostra
1539 4858 1714 4924 miseratus
1729 4853 1892 4930 absoluas,
1913 4862 1949 4920 et
1969 4855 2123 4919 nutantia

1217 4966 1318 5032 corda
1333 4972 1370 5029 tu
1385 4963 1517 5046 dirigas.
1562 4959 1625 5024 Per
1640 4956 1837 5021 dominum.t

314 5177 337 5216 Α.
350 5164 524 5216 Omnistem
598 5081 734 5135 imme
745 5085 936 5216 dexiumm
945 5163 994 5213 deo
1004 5162 1128 5212 uniuersa.
1249 5152 1306 5204 ¹0.
1318 5168 1344 5217 p.
1356 5161 1413 5217 297.
1442 5147 1602 5200 ll.lol.18b.
1614 5146 1648 5197 Et
1659 5146 1721 5196 tein
1733 5145 1808 5203 omni,
1820 5141 1943 5194 etoasin
1955 5141 2033 5194 Dom.
2047 5139 2122 5194 iitz

315 5243 470 5294 rslubilnte
480 5242 529 5292 deo
539 5240 661 5292 uniumsa.
771 5253 838 5292 oon.
850 5241 920 5292 Dicit
931 5239 1055 5292 dominus.
1249 5232 1303 5283 Ἀ.
1316 5230 1428 5281 Adomte
1438 5228 1522 5278 deum.
1787 5222 1858 5273 uitet.

314 5321 554 5372 allisitdominus.
773 5323 826 5383 (lte.
839 5319 971 5370 Hnbmtes
982 5317 1137 5368 donationes.
1277 5321 1314 5361 ιἐ.
1331 5308 1456 5360 Dominus
1469 5304 1642 5371 regnauitex·
1753 5311 1797 5352 01¹.
1809 5299 1918 5349 Dextera
1929 5296 2034 5349 domiui.

315 5409 338 5448 v.
350 5399 528 5450 Confitentur.
771 5408 818 5449 ιν.
830 5396 1108 5463 Nuptiaelsetaesunt).
1346 5386 1419 5436 ultet.
1641 5421 1643 5424 .
1752 5375 1997 5430 commitebantur.

313 5476 627 5529 mundandorum
1276 5463 1555 5526 m'l'imebnntgentes.
1754 5451 2122 5520 (st.Noliteesseprudentes.

298 5549 326 5588 '³
341 5554 397 5604 Om.
407 5552 441 5604 Ο.
539 5551 550 5582 ⁸
564 5551 597 5602 Ο.
609 5567 635 5616 p.
645 5549 701 5618 29⁶.
712 5550 762 5615 Qui
773 5563 859 5616 genus,
869 5555 917 5602 ets.
928 5563 958 5601 u
969 5549 994 5598 iu
1006 5549 1084 5600 Dour.
1094 5548 1126 5598 iv.
1136 5549 1165 5600 Z.
1276 5555 1304 5594 v,
1313 5541 1441 5608 Quoniam
1453 5537 1586 5590 cuneus.
1754 5545 1800 5584 ιν.
1812 5532 1877 5583 Cum
1892 5531 2060 5583 descendisset
2070 5529 2124 5582 ihe-

292 5628 343 5682 v¹E
361 5647 388 5696 p·
398 5631 441 5695 48.
670 5629 675 5636 “
1088 5671 1090 5676 .
1276 5633 1320 5674 ΑΙ..
1336 5619 1462 5676 Dominus
1471 5615 1592 5682 regnauit,
1603 5631 1642 5666 ex·
1826 5613 1889 5678 sus).
