5124 6608
523 597 706 685 ssuutitau
733 597 868 682 elisisti.
1363 599 1465 676 buu.
1493 601 1514 673 i.
1538 611 1608 692 post
1634 598 1726 687 fiat.
1752 599 1898 675 bonini.
2051 607 2098 697 65

248 801 342 865 hodie
364 799 511 864 saluator
531 800 654 875 mundi,
676 799 761 864 sicut
781 798 903 863 diuinae
928 799 1022 862 nobis
1044 821 1144 883 gene·
1199 818 1322 879 sumus,
1350 796 1383 864 in'
1410 800 1480 864 eius
1509 802 1661 884 portione
1690 801 1825 877 censeri,
1848 800 1882 864 in
1906 819 1973 884 quo
1999 803 2101 868 totius

245 899 374 965 rationis
397 910 447 964 est
469 909 592 974 auctor,
614 900 661 964 ita
683 909 717 963 et
739 899 984 963 inmortalitatis
1008 899 1050 964 sit
1075 900 1144 984 ipse
1198 897 1315 964 salutis
1330 899 1476 981 humane
1492 921 1623 964 summa
1638 900 1797 965 consistit.
1844 899 1911 984 Qui
1927 911 2063 967 tecumr

243 1000 384 1084 largitor.
430 998 497 1084 Qui
512 1009 623 1064 tecum
640 999 745 1064 ninitr
1602 1065 1686 1132 Alia

568 1135 630 1200 Ad
641 1135 806 1219 populum.

1241 1189 1304 1268 Da,
1335 1208 1524 1272 quesumus,
1552 1189 1697 1268 domine,
1723 1186 1848 1272 populo
1873 1194 1932 1251 tuo
1962 1187 2099 1254 inuiola-

284 1259 426 1342 1ἶθεῐήςθ
449 1279 523 1372 ῃοθζ
535 1258 719 1323 mi⁵⁶¹ic⁰f⁸
738 1259 830 1372 deus,
846 1268 881 1322 ‘t
896 1258 1062 1323 mentibus
1077 1252 1141 1374 def
1193 1287 1297 1352 bilem
1320 1287 1398 1353 fidei
1421 1289 1623 1363 firmitatem,
1639 1299 1676 1352 ut
1692 1287 1749 1370 qui
1767 1287 1975 1370 unigenitum
1995 1297 2099 1366 tuum,

241 1369 367 1423 menter
388 1358 550 1431 humanis,
573 1367 731 1422 nascente
753 1356 884 1430 christo,
906 1378 1036 1422 summe
1058 1379 1142 1422 uerr-
1194 1387 1227 1451 in
1257 1397 1315 1452 tu,
1346 1398 1457 1453 tecum
1487 1387 1593 1472 gloria
1616 1388 1865 1471 sempiternum,
1897 1386 1930 1450 in
1961 1388 2100 1454 ueritate

171 1511 175 1522 '
240 1459 317 1523 tatis
332 1457 444 1522 lumen
463 1456 613 1522 ⁰⁵tende‘
659 1457 722 1522 Pes
736 1458 904 1522 eundem
1193 1487 1339 1571 corporis
1361 1488 1464 1552 nostri
1486 1496 1601 1552 natum
1617 1487 1660 1552 de
1679 1497 1784 1552 matre
1799 1487 1925 1570 uirgine
1941 1488 2099 1552 confiten-

583 1607 666 1674 Atia
680 1606 796 1674 οναὶίο.
1192 1595 1254 1666 tur,
1270 1597 1304 1652 et
1317 1607 1338 1650 a
1353 1587 1561 1671 presentibus
1582 1586 1761 1651 liberentur
1776 1586 1932 1663 aduersis,
1948 1596 1983 1650 et
2005 1607 2098 1652 man-

282 1730 427 1814 Largire,
444 1749 634 1813 quesumus,
650 1729 793 1805 domine,
812 1729 943 1794 famulis
960 1730 1031 1795 'tuis
1054 1727 1139 1804 fidei,
1194 1707 1278 1750 suns
1293 1687 1424 1770 gandns
1439 1687 1628 1751 merantur·
1676 1685 1739 1751 Per
1754 1687 1894 1751 eundem
1905 1685 1940 1751 ι’*

239 1830 317 1914 spei,
333 1839 367 1894 et
382 1829 528 1894 caritatis
543 1839 769 1911 augmentum,
782 1837 818 1893 ut
834 1829 892 1912 qui
907 1829 951 1893 de
967 1829 1141 1894 natiuitate

238 1929 295 1994 filii
307 1931 355 1994 tui
367 1927 493 1993 domini
504 1929 606 1992 nostri
618 1927 809 2012 gloriantur,
820 1938 854 1992 et
865 1929 1005 1993 aduersa
1017 1928 1140 2007 mundi,

238 2039 272 2094 te
285 2029 500 2112 gubernante,
517 2047 584 2092 non
606 2029 760 2104 sentiant,
776 2037 809 2093 et
824 2049 899 2112 quae
915 2028 1142 2111 temporaliter
1360 2011 1516 2075 ssflmfssstff
1536 2011 1555 2075 l·
1577 2016 1646 2092 pust
1666 2012 1766 2075 ¹¹⁸4!st
1784 2013 1921 2078 milw-

238 2128 402 2194 celebrare
425 2127 624 2203 desiderant,
651 2127 721 2192 sine
748 2127 813 2192 fine
842 2128 1034 2212 percipiant
1080 2128 1143 2193 Per
1238 2161 1331 2227 Deus

238 2229 406 2293 eundem
1332 2161 1412 2246 ,qui
1436 2162 1551 2227 salutis
1574 2173 1697 2245 aeterne
1717 2162 1817 2246 beate
1839 2165 1950 2229 mariae
1966 2166 2098 2250 uirgini-

1193 2269 1264 2326 tate
1286 2261 1428 2326 iecunda
1447 2261 1598 2328 humano
1621 2263 1733 2344 generi
1758 2264 1885 2348 premia
1908 2268 2099 2349 praestitisti,

640 2313 732 2378 Aha·
1192 2360 1329 2444 tribues
1347 2381 1535 2445 quesumus,
1568 2373 1605 2427 ut
1638 2363 1746 2446 ipsam
1782 2383 1842 2446 pro
1874 2365 1969 2430 nobis
1999 2366 2098 2431 inter·

280 2435 383 2510 ΜΒ,
406 2454 463 2518 <11¹¹
493 2454 553 2517 i>er
573 2433 673 2515 beati
704 2453 816 2497 mm
842 2434 978 2516 msgmis
1007 2443 1140 2518 pastum
1193 2462 1311 2526 cedere
1331 2462 1521 2541 sentiamus,
1537 2482 1581 2526 ex
1597 2458 1683 2550 (per)
1699 2482 1801 2545 quarn
1822 2465 2001 2530 meruimus
2021 2486 2097 2531 auc-

237 2535 306 2601 sine
327 2535 475 2600 humana
500 2534 766 2617 concupiscentia
788 2543 1008 2616 procreatum,
1027 2534 1060 2596 in
1082 2533 1141 2598 filii
1193 2571 1299 2625 torem
1315 2563 1383 2626 uite
1398 2561 1563 2645 suscipere
1578 2559 1788 2648 (dominum)
1834 2562 1902 2647 Qui
1917 2574 2053 2630 tecum,

237 2637 284 2701 tui
300 2634 449 2698 membra
464 2631 650 2707 uenientis¹,
667 2632 812 2715 paternis
827 2631 932 2697 iecisti
944 2633 1141 2716 praeiudiciis

237 2755 302 2799 non
318 2736 441 2812 teneri3
464 2743 597 2816 praesta,
612 2752 802 2816 quesumus,
818 2741 855 2796 ut
869 2731 967 2797 huius
983 2744 1140 2798 creaturae
1528 2723 1635 2806 Super
1647 2721 1764 2789 obluta.

239 2835 386 2900 nouitate
416 2842 580 2917 suscepta,
609 2831 786 2897 uetustatis
814 2833 952 2914 antique
981 2834 1142 2917 contagiis
1238 2843 1435 2908 Muneribus
1461 2845 1591 2921 nostris,
1615 2865 1803 2927 quesumus¹
1824 2846 1967 2927 domine,
1993 2847 2096 2932 preci.

238 2953 408 3000 exuamur.
454 2932 517 2996 Per
532 2932 674 2997 eundem
690 2933 888 2997 dominnmr
1021 3009 1022 3012 ,
1194 2942 1324 3026 busque
1344 2945 1515 3028 susceptis,
1533 2952 1568 3009 et
1590 2945 1776 3009 caelestibus
1797 2967 1858 3010 nos
1878 2947 2003 3012 munda
2024 2969 2098 3032 my·

644 3078 738 3145 Alia.
1193 3044 1310 3120 storiis,
1333 3053 1368 3108 et
1390 3043 1571 3110 clementer
1592 3046 1725 3109 exaudi.
1772 3045 1858 3109 Per.t

281 3203 438 3269 Concede
461 3202 566 3278 nobis,
587 3204 798 3286 omnipotens
822 3205 912 3278 deus,
937 3213 975 3270 ut
999 3204 1142 3270 salutare
1560 3207 1734 3291 Proesatr'o.

237 3314 341 3379 tuum,
372 3323 461 3367 noua
494 3302 651 3367 caelorum
689 3303 761 3367 luce
792 3303 942 3382 mirabili,
971 3305 1062 3387 quod
1096 3305 1139 3369 ad
1237 3327 1280 3392 U·
1312 3328 1355 3392 1),
1386 3339 1510 3394 εἴπῃς
1545 3327 1637 3392 deus,
1694 3327 1741 3393 Et
1778 3349 1907 3392 sursum
1944 3329 2097 3394 cordibus

237 3402 378 3470 salutem
415 3403 530 3466 mundi
568 3401 728 3466 hodierna
764 3403 945 3469 iestiuitate
980 3403 1141 3487 processit
1193 3428 1309 3492 erectis
1344 3428 1492 3492 diuinum
1529 3428 1667 3492 adorare
1703 3430 1908 3510 mysterium,
1939 3439 1976 3494 ut
2005 3431 2096 3511 quod

238 3504 358 3568 nostris
379 3522 510 3585 semper
525 3502 720 3566 innouandis
735 3503 888 3568 cordibus
903 3502 1036 3568 oriatur.
1080 3503 1141 3567 Per
1193 3547 1316 3610 magno
1336 3528 1390 3592 dei
1409 3548 1545 3592 munere
1568 3527 1693 3610 geritur
1707 3528 1837 3610 magnis
1858 3527 1994 3612 πάθῃς
2014 3549 2095 3610 gau,

237 3603 405 3668 fflssdem·*
699 3690 706 3703 ,
1192 3627 1255 3692 diis
1266 3627 1451 3692 celebretur
1457 3647 1465 3706 ;
1481 3625 1649 3711 Quoniam
1665 3626 1810 3691 humana
1825 3627 1980 3708 conditio,
1992 3629 2096 3694 ueteri

642 3688 733 3753 Alia·
1192 3737 1387 3809 terrenaque
1408 3726 1485 3809 lege
1509 3735 1668 3805 cessante,
1695 3746 1783 3791 noua
1812 3726 1992 3810 celestique
2017 3728 2095 3792 sub·

280 3809 505 3892 0¹1¹1¹iil⁰te¹¹s
528 3809 729 3892 sempiterne
755 3809 846 3888 deus,
861 3811 917 3893 <iui
939 3810 1028 3876 ¹¹1¹ssss
1050 3811 1138 3877 diem
1191 3827 1314 3890 stantia
1352 3826 1546 3891 mirabiliter
1581 3833 1764 3890 restaurata
1801 3824 1974 3910 profertur.
2033 3825 2097 3892 Per

236 3929 295 3994 per
323 3908 584 3973 incarnationem
609 3908 702 3973 uerbi
732 3910 790 3984 tui,
815 3918 851 3973 et
877 3919 1009 3993 partum
1040 3910 1139 3993 beate
1191 3925 1376 3991 chrisme.

238 4011 349 4074 mariae
372 4008 508 4092 uirginis
537 4010 756 4086 consecrasti;
790 4009 834 4072 da
860 4009 992 4093 populis
1015 4011 1081 4074 tuis
1105 4011 1138 4074 in
1334 4075 1343 4102 0
1509 4037 1780 4103 postcommunio·

236 4109 298 4174 hac
313 4107 503 4173 celebritate
518 4109 730 4184 consortium,
745 4119 782 4172 ut
797 4108 853 4192 qui
868 4118 926 4172 tua
940 4109 1047 4193 gratia
1061 4120 1139 4174 sunt

235 4207 407 4291 redempti,
422 4217 482 4271 tua
503 4208 570 4272 sint
592 4208 773 4292 adoptione
794 4208 909 4273 securi.
955 4209 1017 4274 Per
1032 4208 1138 4274 domi·

233 4320 337 4373 num.t

1235 4158 1289 4222 Da
1312 4158 1416 4238 nobis,
1438 4177 1629 4241 quesumus,
1651 4157 1786 4223 domine
1808 4157 1889 4224 deus
1915 4167 2035 4237 noster,
2059 4167 2096 4224 ut

1190 4258 1247 4341 qui
1271 4258 1479 4322 natiuitatem
1502 4258 1628 4321 domini
1651 4257 1754 4323 nostri
1777 4256 1870 4322 ihesu
1897 4259 2009 4324 christi
2035 4279 2096 4323 nos

640 4392 733 4460 Alia·
1190 4356 1401 4440 frequentare
1426 4358 1621 4442 gaudemus,
1651 4358 1768 4448 dignis
1790 4358 2096 4423 conuersationibus

277 4527 380 4602 Deus,
404 4526 461 4610 qui
491 4525 637 4609 humane
662 4525 858 4592 substantiae
884 4527 1081 4611 dignitatem
1105 4538 1139 4594 et
1708 4595 1715 4605 ι
1778 4569 1782 4578 .

235 4626 426 4690 mirabiliter
452 4625 638 4702 condidisti,
666 4636 701 4691 et
727 4626 909 4690 mirabilius
934 4626 1137 4707 reformasti3
1224 4624 1231 4654 ¹
1255 4639 1274 4676 ÷
1288 4625 1359 4676 Atra.
1377 4624 1464 4675 Prestn
1476 4641 1500 4690 q.
1512 4619 1691 4676 nisericors‘d.
1705 4631 1733 4674 ¹¹²
1748 4624 1781 4674 εὖ
1796 4624 1980 4690 suscipiendum
1995 4605 2096 4696 nlii'rni

234 4725 277 4790 da
305 4725 411 4804 nobis,
438 4745 627 4808 quesumus,
657 4726 727 4790 eius
753 4726 936 4791 diuinitatis
959 4747 1032 4792 esse
1060 4747 1138 4791 con·
1190 4702 1483 4833 &¹133de
1470 4709 1538 4832 ἐξῇ
1536 4709 1641 4832 ff}
1642 4703 1801 4832 eerredentinnn
1818 4711 1985 4769 preparentur,
2003 4709 2028 4753 a
2044 4719 2095 4754 non

234 4836 347 4900 sortes,
363 4825 420 4908 qui
437 4823 655 4890 humanitatis
679 4834 798 4889 nostrae
822 4825 893 4890 fieri
907 4827 1064 4910 dignatus
1087 4837 1138 4892 est
1222 4860 1293 4910 Ap,
1310 4859 1342 4910 0.
1359 4876 1379 4910 ,¹
1397 4859 1422 4911 d.
1440 4867 1537 4910 m,
1554 4859 1669 4910 hnnnnae
1688 4837 1889 4924 reformatorque
1899 4866 2001 4920 nntnae,
2018 4835 2095 4924 quan

235 4925 406 5008 particeps.
451 4922 519 5007 Qui
534 4933 645 4989 tecum
662 4925 744 4990 uiuit
759 4935 794 4990 et
809 4935 926 5010 regnat
940 4926 1047 4991 densa
1190 4939 1333 5004 unigenitus
1353 4945 1410 4988 tnnn
1432 4937 1458 4987 in
1478 4946 1550 4988 ntem
1566 4944 1695 5004 perpetus
1713 4937 1817 5002 uirginis
1839 4937 1982 5002 assumpsit.
1999 4936 2095 5001 respice

694 5071 701 5084 ,
1189 5031 1237 5067 nos
1247 5017 1377 5084 propitius,
1389 5023 1417 5066 ut
1428 5015 1474 5065 filii
1486 5015 1524 5066 tui
1534 5016 1705 5066 incarnatione
1715 5023 1837 5082 suscepta,
1851 5017 1916 5066 inter
1927 5015 2006 5080 ipsius
2016 5030 2093 5066 mem·

636 5070 731 5136 Alla-
1190 5097 1237 5147 bra
1248 5110 1387 5145 mereamur
1396 5095 1530 5146 numerari.
1563 5093 1619 5144 Per.
1638 5094 1665 5145 Z.

277 5189 500 5272 Omnipotens
526 5188 727 5272 sempiterne
751 5193 841 5271 deus,
859 5195 916 5276 qui
946 5195 980 5259 in
1006 5195 1063 5261 filii
1089 5197 1137 5296 tui
1223 5171 1616 5316 'flzf'ffigffgozmu
1669 5169 1848 5301 XnEIrrfflnts
1881 5249 1995 5314 regnauit
2021 5247 2094 5300 deco

236 5291 357 5356 domini
377 5292 481 5356 nostri
504 5293 679 5357 natiuitate
693 5294 835 5359 tribuisti
852 5296 954 5360 totius
972 5297 1139 5382 religionis
1198 5345 1210 5352 ,.
1248 5341 1274 5382 Α,ι
1287 5330 1485 5381 nmmum,
1745 5343 1804 5380 renn.

236 5390 361 5457 initium
377 5389 682 5474 perfectionemque
700 5404 861 5474 constare,
878 5395 1041 5474 danobis,
1057 5413 1138 5481 que·
1247 5419 1284 5460 ns.
1297 5408 1422 5458 nominns
1441 5405 1556 5474 regnauit
1575 5405 1618 5458 de·
1669 5415 1712 5456 os.
1724 5403 1995 5496 Denenrnfinnanu.
2013 5405 2094 5474 [soS.

1249 5501 1426 5630 3¹30...
1668 5483 1944 5630 ...ttulit

584 5633 776 5689 'mltum
1071 5673 1076 5682 ·
1222 5643 1387 5711 ’Ossam
1542 5651 1546 5658 '

1608 5746 1640 5800 K
