5116 6608
556 609 604 696 ᾖ.
622 611 781 696 inmunis
809 613 913 706 bapt.

281 808 395 872 tunicis.
436 807 475 870 Et
489 808 605 871 dicebat
618 812 679 872 eis:
701 811 898 892 Quocumque
912 813 1066 875 introeritis
1082 814 1112 873 in
1132 812 1187 875 do-

185 966 191 979 ,
280 919 372 974 mum,
393 903 451 964 illic
476 914 593 965 manete
619 905 714 966 donec
739 907 849 968 exeatis
872 907 948 968 inde.
990 909 1029 968 Et
1051 909 1101 986 qui
1125 926 1187 969 non

280 998 441 1074 receperint
461 1016 525 1069 uos,
540 1015 597 1057 nec
611 999 754 1059 audierint
772 1019 837 1075 uos,
851 1012 991 1063 exeuntes
1006 1004 1084 1075 inde,
1099 1021 1187 1063 excu-

282 1091 333 1150 tite
353 1092 505 1170 puluerem
525 1092 563 1152 de
585 1093 709 1169 pedibus
730 1097 833 1156 uestris
854 1097 885 1155 in
906 1097 1106 1158 testimonium
1123 1098 1185 1158 illis.

283 1184 322 1244 Et
344 1198 484 1247 exeuntes
509 1186 700 1264 predicabant
723 1199 755 1248 ut
779 1190 970 1269 penitentiam
998 1203 1126 1270 agerent,
1157 1204 1187 1253 et

282 1278 421 1341 demonia
448 1281 540 1341 multa
567 1281 718 1356 eiciebant,
746 1294 776 1343 et
807 1286 956 1363 ungebant
983 1285 1050 1347 oleo
1077 1288 1186 1348 multos

282 1386 408 1451 egrotos,
423 1387 452 1436 et
466 1375 671 1436 sanabantur¹.

331 1470 518 1549 offertorium.
542 1469 666 1530 Intende
677 1471 744 1530 uoci
757 1473 899 1534 orationis
913 1492 988 1535 mee.
1029 1473 1163 1552 Require.

323 1741 414 1802 Anser
435 1760 452 1802 a
473 1742 560 1802 nobis
579 1739 662 1820 (me),
683 1741 812 1813 domine,
828 1743 959 1820 spiritum
982 1745 1116 1821 superbie
1137 1745 1183 1804 cui

283 1836 399 1908 resistis,
421 1847 452 1896 ut
473 1835 615 1896 sacrificia
639 1847 738 1898 nostra
759 1834 831 1916 (mei
859 1836 1036 1918 peccatoris)
1056 1839 1108 1898 tibi
1128 1840 1186 1900 sint

282 1928 423 2011 (semper)
438 1941 566 2008 accepta
610 1929 674 1990 Per.

326 2025 495 2086 Communis.
537 2023 604 2103 Ego
619 2025 744 2086 clamaui
759 2027 900 2105 quoniam
913 2026 1055 2088 exaudisti
1069 2045 1126 2087 me.

617 2182 847 2243 postcommunio.

324 2299 465 2378 Corporis
479 2302 553 2360 sacri
568 2311 597 2361 et
610 2303 738 2380 pretioso
753 2303 904 2381 sanguinis
924 2301 1025 2381 repleti
1039 2302 1184 2376 libamine,

283 2413 451 2473 quesumus,
472 2395 593 2456 domine
614 2396 687 2457 deus
712 2407 819 2467 noster,
841 2407 873 2456 nt
894 2399 986 2474 gratie
1007 2407 1056 2472 tue
1077 2415 1184 2458 munus

283 2488 386 2570 (gratie
407 2500 458 2549 tuo
480 2486 726 2576 muneret-quod
753 2492 839 2550 nobis
867 2491 1007 2551 inmeritis
1028 2492 1184 2564 contulisti,

283 2585 527 2646 intercedentibus
541 2586 649 2646 sanctis
667 2587 732 2658 tuis,
746 2586 890 2664 propitius
909 2587 1069 2646 muniendo
1086 2596 1184 2646 custo-

282 2680 352 2740 dias.
396 2679 459 2741 Per.

688 2762 768 2822 Altis.
855 2759 862 2767 ⁴

322 2880 412 2951 Deus,
435 2880 541 2939 mundi
563 2891 675 2941 creator
696 2891 726 2942 et
744 2891 848 2953 rector,
870 2882 909 2941 ad
929 2881 1096 2942 humilitatis
1116 2901 1182 2958 mee

283 2993 382 3052 preces
403 2974 534 3051 placatus
554 2975 691 3048 intende;
714 2987 742 3036 et
761 2993 809 3036 me
824 2975 965 3036 famulum
979 2986 1069 3048 tuum,
1084 2995 1182 3054 quem,

283 3067 367 3128 nullis
395 3066 621 3144 suffragantibus
653 3070 771 3142 meritis,
800 3070 854 3130 sed
888 3070 1022 3130 inmensa
1053 3071 1184 3148 largitate

283 3162 434 3236 clementie
461 3172 510 3237 tue
539 3163 694 3238 celestibus
728 3165 872 3241 mysteriis
907 3166 1014 3224 seruire
1049 3166 1182 3237 tribuisti,

282 3255 404 3334 dignum
425 3257 514 3316 sacris
535 3257 672 3318 altaribus
692 3257 738 3318 fac
759 3260 941 3335 mynistrum,
962 3270 994 3319 ut
1013 3243 1095 3336 quod
1117 3277 1185 3318 mea

282 3351 456 3410 celebranda
483 3351 663 3429 depromitur
697 3364 747 3412 tua
782 3353 1011 3413 sanctificatione
1045 3353 1181 3413 firmetur.

283 3443 344 3504 Per.

301 3623 413 3690 miii.
427 3625 488 3692 iat.
502 3633 554 3692 ott
589 3627 748 3710 dumtptiu
761 3629 857 3695 sanai
871 3627 1007 3705 intumis
1020 3629 1155 3711 baptiste.

322 3769 368 3830 Ne
386 3771 497 3843 timeae,
511 3772 653 3833 zacharia.

321 3866 464 3929 Psalmus.
485 3866 621 3939 Domine,
637 3869 666 3926 in
680 3867 783 3926 uirtute
798 3879 854 3928 tua.

669 4024 796 4087 Collecla.

321 4143 411 4219 Deus,
423 4147 473 4223 qui
487 4145 629 4206 hodierna
640 4144 686 4206 die
697 4157 831 4207 sanctum
846 4147 1005 4208 iohannem
1022 4165 1181 4225 preconem

283 4239 408 4300 ueritatis
422 4240 556 4318 angelico
571 4240 798 4318 concipiendum
808 4239 1010 4321 (nasciturum)
1020 4242 1181 4302 ministerio

281 4334 447 4410 preuidisti;
470 4333 600 4395 concede
621 4335 707 4394 nobis
729 4335 843 4394 famulis
864 4336 928 4407 tuis,
944 4336 1041 4413 utqui
1059 4336 1121 4396 eius
1138 4335 1180 4394 in·

282 4427 374 4504 signia
387 4446 570 4499 ueneramur,
582 4428 673 4506 ipsius
688 4429 796 4489 meritis
806 4441 836 4488 et
847 4430 884 4488 ab
895 4430 1070 4489 instantibus
1084 4430 1180 4489 inimi·

282 4539 381 4581 corum
394 4523 505 4582 insidiis
519 4523 589 4596 erui,
604 4531 633 4581 et
647 4522 684 4580 ad
699 4523 778 4581 uiam
792 4523 853 4583 ueri
866 4523 983 4583 luminis
1002 4524 1065 4584 sine
1085 4541 1181 4583 errore

282 4617 432 4690 peruenire
446 4634 615 4676 mereamur.
658 4613 721 4676 Per.

662 4769 800 4851 Epaitola.

321 4888 443 4950 Factum
457 4902 502 4951 est
516 4892 638 4952 uerbum
653 4892 773 4952 domini.

324 4981 457 5044 Gradalc.
477 4984 544 5044 Fuit
558 4985 659 5046 homo.

325 5076 359 5137 U.
380 5076 422 5138 Ut
436 5080 644 5141 testimonium.
665 5079 797 5139 Alleluia.
827 5079 907 5140 Inter
917 5090 1002 5142 natos
1016 5080 1180 5141 mulierum.

628 5235 826 5314 Euangeltiem.

321 5352 386 5414 Fuit
400 5357 429 5414 in
444 5355 546 5416 diebus
560 5354 678 5415 herodis
693 5357 775 5432 regis

323 5447 510 5526 offertorium.
532 5449 629 5510 Iustus
643 5461 675 5508 ut
688 5450 794 5528 palma

610 5636 620 5667 ¹
635 5637 757 5689 sanabant
770 5639 828 5689 Vul.

1449 617 1522 710 lim
1547 613 1650 706 Q·
1703 613 1752 700 ὦ·
1769 613 1925 705 nepta

1633 811 1753 874 Secreto.

2070 617 2142 708 2⁶7

1281 933 1415 1004 Munera,
1443 933 1571 1006 domine,
1600 933 1681 994 altari
1717 943 1768 995 tuo
1803 935 1987 1014 superposita
2020 934 2140 995 dextera

1239 1028 1368 1106 potentie
1382 1037 1431 1104 tue
1445 1027 1583 1100 admittat,
1596 1047 1654 1106 que
1667 1027 1756 1089 bodie
1767 1028 1993 1107 concipiendum
2007 1039 2139 1090 sanctum

1239 1122 1398 1182 iohannem
1412 1122 1546 1199 angelico
1561 1122 1758 1201 prenuntiauit
1771 1124 1898 1184 oraculo.
1941 1123 2005 1185 Per.

1282 1216 1451 1278 comma.
1473 1215 1532 1289 Tu,
1547 1235 1628 1296 puer,
1644 1217 1796 1296 propheta.

1558 1387 1612 1446 Ad
1620 1389 1813 1464 complendum.

1279 1507 1407 1586 Pignore
1422 1507 1521 1568 salutis
1535 1518 1631 1582 eterne
1642 1507 1776 1585 uegetati,
1787 1507 1935 1586 supplices
1948 1517 1978 1568 te
1990 1524 2140 1585 rogamus,

1239 1604 1428 1680 omnipotens
1441 1602 1524 1674 deus,
1538 1613 1579 1675 ut,
1593 1600 1789 1662 intercedente
1809 1610 1912 1662 sancto
1925 1601 2052 1662 iohanne
2066 1602 2140 1679 bap·

1239 1697 1314 1770 tista‚
1335 1697 1420 1757 cuius
1442 1697 1530 1756 hodie
1553 1695 1755 1774 conceptionis
1778 1696 1856 1756 diem
1877 1695 2065 1769 celebramus,
2086 1711 2140 1773 per

1239 1790 1297 1851 hoc
1311 1792 1461 1870 capiamus
1475 1791 1561 1870 plene
1577 1791 1737 1851 securitatis
1751 1800 1950 1868 augmentum.
1992 1790 2057 1850 Per.

1585 1962 1638 2022 Aa
1648 1975 1798 2042 uesperum.

1281 2083 1477 2164 Omnipotens
1499 2086 1676 2163 sempiterne
1696 2083 1778 2157 deus,
1792 2085 1842 2163 qui
1857 2083 1999 2162 unigeniti
2020 2103 2140 2163 precur-

1239 2198 1336 2240 sorem
1356 2181 1406 2240 lilii
1433 2181 1474 2239 tui
1497 2189 1632 2240 sanctum
1654 2178 1813 2238 iohannem
1835 2179 1975 2239 hodierna
1997 2181 2044 2240 die
2073 2199 2139 2242 nas-

1238 2277 1361 2336 citurum
1381 2275 1515 2353 angelico
1543 2274 1663 2334 oraculo
1687 2274 1847 2346 declarasti,
1872 2272 2003 2335 concede
2031 2273 2138 2350 familie

1238 2381 1287 2445 tue
1301 2371 1349 2448 pie
1363 2368 1501 2428 effectum
1516 2368 1698 2441 deuotionis;
1723 2379 1755 2428 ut
1769 2385 1827 2444 que
1841 2367 1903 2428 eius
1923 2386 2022 2428 annua
2038 2369 2138 2429 rec'olit

1237 2466 1312 2526 festa
1325 2465 1468 2542 presentis
1482 2465 1541 2538 uite
1555 2473 1726 2541 assequatur
1734 2464 1815 2541 pacis
1829 2463 2017 2535 incrementa,
2029 2462 2135 2523 luture-

1237 2579 1295 2638 que
1310 2559 1495 2619 beatitudinis
1509 2559 1625 2636 gaudia.
1667 2558 1731 2619 Per.

1448 2761 1559 2837 ffliasa
1573 2780 1625 2844 pta
1636 2779 1701 2842 nee
1715 2763 1763 2827 ιιιῑ
1775 2781 1827 2846 pra
1840 2763 1948 2842 argina

1278 2910 1476 2988 Omnipotens
1498 2910 1674 2987 sempiterne
1698 2910 1780 2980 deus,
1803 2909 2032 2970 misericordiam
2055 2919 2137 2968 tuam

1237 3006 1404 3083 suppliciter
1412 3022 1575 3076 exoramus,
1585 3015 1616 3064 ut
1630 3003 1771 3064 famulum
1783 3017 1864 3064 tuum
1878 3021 1980 3082 regem
1994 3012 2137 3076 nostrum,

1237 3099 1433 3176 famulamque
1448 3109 1529 3158 tuam
1545 3116 1666 3175 gregem
1687 3116 1806 3176 quoque
1823 3095 1967 3176 (reginam
1989 3116 2056 3158 cum
2077 3099 2138 3158 suis

1236 3194 1386 3267 omnibus)
1403 3203 1432 3253 et
1447 3193 1585 3252 familiam
1607 3193 1661 3253 iilis
1683 3194 1872 3252 commissam
1893 3210 2001 3271 magne
2022 3193 2137 3271 pietatis

1236 3299 1284 3349 tue
1305 3289 1486 3366 protectione
1509 3289 1665 3360 custodias,
1680 3298 1709 3347 et
1728 3289 1766 3348 ab
1784 3288 1921 3348 omnibus
1934 3287 2038 3348 mundi
2051 3288 2137 3348 huius

1236 3383 1371 3460 periculis
1392 3383 1571 3461 sempiterna
1595 3383 1763 3460 prouisione
1785 3383 1899 3455 tuearis
1920 3393 1953 3442 ut
1976 3383 2066 3461 gratie
2088 3392 2136 3441 tue

1235 3495 1356 3537 munere
1377 3477 1490 3538 defensi
1510 3478 1600 3538 donis
1621 3495 1736 3555 semper
1758 3478 1911 3540 celestibus
1930 3478 2132 3538 iocundentur.

1235 3572 1299 3632 Per.

1625 3653 1745 3714 Secreta.

1276 3773 1401 3834 Munera
1435 3772 1499 3848 hec,
1531 3791 1699 3852 quesumus,
1730 3773 1857 3847 domine,
1885 3774 2040 3852 dignanter
2073 3791 2136 3834 sns-

1235 3868 1347 3946 cipiens
1361 3868 1520 3941 sanctifica,
1535 3879 1565 3927 et
1578 3867 1688 3928 famulo
1704 3879 1755 3928 tuo
1768 3865 1841 3948 (regi
1855 3879 1955 3928 nostro
1970 3866 2134 3946 lamuleque

1235 3973 1283 4022 tue
1298 3959 1420 4042 regine),
1435 3964 1555 4041 suisque
1569 3963 1707 4023 omnibus
1722 3963 1829 4039 perfice
1845 3962 2004 4040 profutura.
2047 3962 2112 4024 Per.

1574 4133 1803 4193 Poskommum‘o.

1277 4252 1416 4330 Sumptis,
1431 4252 1561 4324 domine,
1575 4253 1739 4314 caelestibus
1760 4253 1957 4328 sacramentis,
1977 4271 2136 4331 quesumus

1234 4346 1419 4406 clementiam
1433 4357 1525 4421 tuam,
1539 4358 1571 4407 ut
1586 4347 1730 4407 famulum
1745 4359 1828 4408 tuum
1842 4367 1910 4408 curn
1925 4350 1984 4409 suis
1998 4350 2135 4408 omnibus

1233 4442 1376 4518 respicere
1390 4441 1517 4519 digneris
1527 4461 1536 4515 ;
1558 4443 1734 4521 pietatisque
1752 4453 1809 4502 nrae
1831 4444 1917 4503 donis
1938 4444 1976 4502 ab
1997 4444 2134 4502 omnibus

1234 4536 1348 4612 purgati
1368 4538 1495 4613 peccatis
1515 4554 1534 4594 a
1554 4538 1667 4597 cunctis
1686 4538 1905 4598 imminentibus
1926 4538 2059 4614 periculis
2073 4548 2135 4597 tue·

1234 4643 1328 4690 antur.
1370 4631 1434 4690 Per.

1440 4813 1484 4879 lin
1498 4815 1677 4879 mutuatione
1689 4817 1784 4881 sancti
1797 4817 1931 4897 grannii.

1276 4959 1366 5030 Deus,
1381 4960 1484 5020 mundi
1504 4972 1606 5021 auctor
1628 4973 1657 5022 et
1680 4963 1824 5037 conditor,
1846 4963 1895 5041 qui
1915 4963 2056 5038 hodierne
2076 4962 2133 5022 ies-

1234 5053 1353 5114 tiuitatis
1367 5053 1446 5114 diem
1467 5055 1544 5115 beati
1560 5055 1610 5115 .N.
1625 5058 1779 5116 sacerdotii
1793 5057 1934 5118 electione
1949 5057 2135 5129 consecrasti,

1235 5159 1332 5225 presta
1353 5149 1465 5226 populo
1486 5161 1546 5222 tuo,
1562 5160 1593 5209 ut
1615 5153 1698 5210 cuius
1719 5169 1816 5210 annua
1836 5151 2000 5212 celebritate
2021 5152 2136 5212 deuotis

1234 5242 1354 5302 resultat
1375 5244 1533 5320 obsequiis,
1559 5244 1622 5304 eius
1650 5244 1795 5322 suffragiis
1817 5256 1866 5321 tue
1890 5247 2005 5323 pietatis
2033 5263 2134 5305 conse-

1234 5347 1338 5415 quatur
1359 5338 1506 5400 auxilium.
1547 5337 1611 5400 Per.

1629 5505 1746 5570 Secreto.

1276 5629 1359 5691 Beati
1382 5631 1542 5692 sacerdotis
1561 5642 1590 5691 et
1604 5629 1779 5692 confessoris
1798 5633 1838 5691 tui
1853 5631 1914 5706 .N.,
1930 5633 2056 5708 domine,
2070 5651 2136 5713 pre-

1759 5741 1787 5791 M
1804 5746 1838 5790 m
1855 5743 1874 5792 2
