5122 6610
595 631 847 708 Praetutianus.

260 836 463 915 supplicaciter
484 833 651 912 obnixeque
671 830 914 914 flagita(n)tibus;
935 842 1041 912 presta,
1057 851 1163 911 quesu-

260 951 334 1004 mus,
349 948 402 1009 per
423 929 642 988 inuocationem
660 929 835 988 sanctissimi
847 929 975 988 nominis
990 930 1040 1002 tui,
1054 939 1085 988 ut
1100 931 1164 1007 qui·

261 1044 386 1103 cumque
415 1042 468 1085 eos
495 1041 639 1103 superse
669 1023 855 1101 asperserint,
878 1040 933 1100 pro
960 1022 1163 1101 redemptione

262 1130 459 1199 peccatorum,
474 1119 605 1198 corporis
626 1119 780 1179 sanitatem
801 1128 829 1178 et
850 1119 948 1193 anime
962 1119 1082 1178 tutelam
1097 1137 1164 1196 per-

260 1214 377 1293 cipiant.
419 1211 499 1273 Per¹.

473 1380 641 1446 lssmrbittin
663 1380 694 1443 ln
712 1381 758 1443 un
777 1381 951 1463 palmatum.

303 1517 395 1588 Deus,
410 1516 491 1577 cuius
505 1515 580 1575 filius
594 1533 649 1592 pro
664 1514 755 1574 salute
773 1516 890 1592 generis
903 1515 1024 1575 humani
1038 1516 1075 1576 de
1089 1515 1162 1576 caelo

261 1612 412 1672 descendit
432 1611 471 1671 ad
487 1623 585 1682 terras,
600 1619 638 1680 et,
653 1609 906 1687 adpropinquante
925 1608 998 1668 hora
1018 1610 1163 1687 passionis

260 1727 329 1779 suae,
344 1705 560 1767 hierosolimam
575 1704 606 1762 in
620 1703 703 1762 asino
724 1703 823 1762 uenire
844 1714 873 1762 et
890 1723 907 1762 a
929 1704 1019 1764 turbis
1038 1723 1088 1763 rex
1110 1722 1162 1782 ap·

262 1801 361 1879 pellari
382 1819 416 1860 ac
437 1800 549 1859 laudari
563 1797 662 1868 uoluit,
677 1797 850 1857 benedicere
869 1799 1004 1876 dignetur
1024 1797 1079 1857 hos
1101 1799 1163 1876 pal-

261 1915 374 1955 mamm
396 1906 595 1956 ceterarumue
617 1892 765 1951 frondium
787 1911 903 1965 ramos;
931 1903 963 1951 nt
987 1895 1163 1972 omnesqui

261 2007 312 2050 eos
327 1990 410 2050 laturi
429 2001 497 2049 sunt
510 1990 549 2048 ita
563 1986 775 2046 benedictionis
791 1987 854 2046 eius
869 1987 949 2046 dono
968 1987 1162 2064 reppleantur‚

259 2086 395 2162 quatinus
419 2095 449 2144 et
471 2086 502 2143 in
525 2083 584 2142 boc
607 2081 706 2140 seculo
727 2079 820 2141 hostis
841 2082 953 2158 antiqui
973 2092 1163 2141 temtamenta

260 2196 405 2256 superare,
430 2188 459 2238 et
483 2179 513 2236 in
536 2177 632 2236 futuro
655 2193 723 2235 cum
747 2176 846 2252 palma
870 2176 1000 2248 uictorie,
1020 2186 1049 2235 et
1070 2174 1163 2236 fructu

258 2275 406 2332 bonorum
420 2290 553 2350 operum,
568 2271 594 2329 ei
609 2269 724 2329 ualeant
738 2288 887 2348 apparere.
929 2270 986 2331 Per
1000 2269 1151 2331 eundem¹.

669 2429 748 2488 Alia

299 2551 438 2622 Petimus,
462 2561 571 2609 sanctae
591 2557 681 2625 pater,
694 2548 885 2627 omnipotens
906 2559 1013 2608 aeterne
1036 2548 1116 2620 deus,
1131 2560 1163 2609 ut

260 2647 404 2726 respicere
426 2644 553 2722 digneris
575 2661 662 2720 super
683 2641 760 2702 hanc
782 2653 943 2702 creaturam
968 2645 1052 2718 oliue,
1073 2655 1163 2721 quam

261 2761 297 2802 ex
317 2739 389 2816 ligni
410 2739 531 2798 materia
551 2737 675 2815 prodere
696 2736 821 2810 inssisti;
851 2755 941 2814 quam
961 2737 1099 2797 columba
1119 2756 1162 2796 re-

261 2836 344 2896 diens
358 2835 397 2894 ad
411 2851 509 2893 arcam
523 2831 641 2910 proprio
663 2830 782 2907 protulit
802 2849 872 2904 ore;
893 2841 922 2892 et
940 2832 1113 2892 benedicere
1134 2841 1163 2891 et

261 2929 441 2989 sanctificare
463 2927 608 3005 digneris;
630 2936 662 2984 ut
683 2926 861 3004 quicumque
882 2945 918 2986 ex
940 2945 975 2986 ea
996 2928 1163 3005 acceperint

261 3023 406 3101 accipiant
434 3021 646 3100 prosectionem
682 3021 779 3094 anime
814 3031 844 3080 et
871 3021 1012 3098 corporis,
1044 3022 1161 3099 fiatque,

261 3118 387 3190 domine,
410 3129 508 3177 nostre
537 3115 636 3175 salutis
664 3115 826 3176 remedium
856 3125 914 3175 tuae
947 3118 1038 3192 gratie
1066 3135 1161 3177 sacra-

261 3225 399 3273 mentum.
442 3211 524 3271 Per⁸.

632 3288 789 3376 [Lr'lam'a].

282 3414 403 3487 Christe,
414 3414 482 3474 audi
497 3430 561 3474 nos.
593 3407 730 3495 [S]ancta
743 3415 842 3472 maria.
888 3408 1024 3495 [S]ancta
1037 3413 1135 3473 maria.

283 3504 419 3592 [S]ancta
434 3508 533 3567 maria.
593 3501 728 3589 [S]ancte
743 3508 860 3584 gabriel.
886 3503 1159 3591 [S]ancteraphael.

283 3599 418 3686 [S]ancte
432 3601 566 3664 michael.
595 3599 731 3684 [S]ancte
744 3603 856 3663 iacobe.
887 3598 1023 3685 [S]ancte
1058 3601 1161 3662 iohan-

1086 3693 1161 3779 [nea.

282 3793 389 3854 Sancte
403 3802 494 3870 petre.
593 3792 699 3852 Sancte
713 3792 843 3855 laurenti.
886 3792 1000 3854 Omnes
1014 3793 1116 3854 sancti.

281 3889 385 3949 Sancte
400 3889 495 3967 paule.
592 3887 698 3949 Sancte
713 3891 843 3950 martine.
886 3891 1032 3968 Propitius
1047 3900 1119 3950 estc.

282 3985 387 4045 Sancte
401 3986 521 4045 andrea.
593 3983 706 4044 Omnes
721 3985 822 4044 sancti.
884 3985 975 4044 Parce
997 3985 1091 4057 nobis,
1108 3985 1162 4044 do·

1059 4077 1161 4163 [mine.

281 4177 385 4236 Sancte
402 4175 552 4253 stephane.
594 4175 643 4235 Ab
657 4177 739 4236 omni
753 4176 841 4248 malo,
855 4175 945 4236 libera
959 4193 1024 4236 nos.

281 4271 385 4331 Sancte
398 4270 490 4331 hilari.
594 4269 649 4329 Per
663 4288 780 4330 crucem
793 4280 883 4343 tuam,
897 4271 987 4330 libera
1001 4289 1065 4332 nos.

280 4368 392 4430 Omnes
406 4369 508 4428 sancti.
590 4367 773 4440 Peccatores,
788 4377 816 4426 te
831 4385 979 4445 rogamus,
993 4367 1062 4426 audi
1075 4383 1139 4426 nos.

298 4467 339 4527 Vt
352 4485 458 4544 pacem
473 4465 560 4524 nobis
575 4464 678 4536 dones,
692 4475 720 4524 te
735 4483 884 4542 rogamus,
899 4464 968 4523 audi
981 4480 1046 4524 nos.

297 4562 339 4620 Vt
366 4562 511 4621 domnum
539 4560 733 4636 apostolicum
761 4568 895 4618 nostrum
927 4559 959 4616 in
987 4567 1088 4618 sancta
1115 4576 1159 4616 re-

259 4657 366 4734 ligione
381 4672 554 4715 conseruare
568 4654 704 4732 digneris,
719 4663 747 4713 te
760 4671 908 4729 rogamus,
924 4653 991 4712 audi
1005 4670 1068 4711 nos.

297 4751 339 4809 Vt
353 4749 508 4810 ecclesiam
522 4758 603 4808 tuam
617 4747 823 4808 inmaculatam
838 4748 983 4808 custodire
996 4747 1133 4825 digneris.

297 4845 339 4906 Ut
366 4863 467 4922 regern
494 4843 649 4921 angiorum
672 4853 701 4902 et
719 4843 878 4903 exercitum
896 4843 959 4904 eius
982 4859 1155 4902 conseruare

259 4941 392 5016 digneris.

297 5035 338 5096 Vt
358 5035 402 5094 eis
426 5035 517 5094 uitam
538 5044 567 5093 et
588 5033 742 5093 sanitatem
764 5042 850 5111 atque
871 5031 1033 5091 uictioriam
1054 5031 1157 5107 dones,

256 5141 284 5190 te
297 5147 443 5208 rogamus.

296 5225 338 5285 Vt
352 5225 505 5284 sanitatem
520 5222 606 5282 nobis
621 5222 723 5294 dones,
738 5230 767 5280 tc
782 5240 930 5297 rogamus,
947 5221 1015 5279 audi
1030 5237 1095 5280 noa.

296 5318 338 5379 Ut
354 5319 483 5396 pluuiam
498 5318 583 5377 nobis
598 5316 701 5388 dones,
715 5325 743 5375 te
760 5333 908 5394 rogamus,
923 5315 991 5376 audi
1005 5332 1069 5374 nos.

296 5413 337 5473 Vt
364 5413 439 5472 aeris
472 5412 643 5490 temperiam
668 5412 780 5470 bonam
807 5411 894 5469 nobis
921 5409 1023 5482 dones,
1052 5420 1081 5468 te
1109 5428 1157 5469 ro-

258 5526 367 5584 gamus.

320 5693 328 5724 ¹
344 5694 375 5745 R
388 5710 414 5761 p.
425 5695 465 5758 48.
620 5691 630 5723 ¹
647 5691 708 5758 Sp.
721 5691 776 5756 256.
930 5693 940 5724 ⁸
957 5691 987 5742 R.
999 5708 1024 5759 p.
1034 5703 1088 5756 127.

1370 631 1458 718 ἐῶ.
1483 633 1616 722 untur,
1643 645 1696 708 att.
1724 633 1908 717 domberti.
2052 651 2122 726 205

1257 833 1300 894 Ut
1313 834 1440 897 fructum
1455 844 1530 896 terre
1543 834 1630 894 nobis
1645 834 1749 907 dones,
1763 842 1793 894 te
1807 850 1954 912 rogamus.

1256 928 1309 988 Fili
1324 929 1381 1002 dei,
1396 941 1425 988 te
1440 945 1588 1005 rogamus,
1599 927 1667 988 andi
1681 945 1747 988 nos.

1256 1024 1343 1101 Agne
1367 1022 1423 1094 dei,
1447 1023 1497 1100 qni
1522 1022 1598 1082 tollis
1627 1033 1749 1103 peccata
1776 1022 1887 1095 mundi,
1910 1040 1998 1101 parce
2027 1025 2123 1097 nobis,

1216 1117 1346 1177 domine.

1256 1211 1344 1289 Agne
1372 1211 1427 1282 dei,
1456 1211 1506 1288 qui
1534 1209 1611 1271 tollis
1638 1219 1760 1289 peccata
1786 1211 1898 1284 mundi,
1925 1211 2006 1272 dona
2034 1213 2121 1273 nobis

1215 1324 1327 1383 pacem.

1256 1400 1343 1478 Agne
1358 1399 1413 1472 dei,
1429 1400 1480 1477 qui
1494 1398 1570 1459 tollis
1584 1408 1705 1477 peccata
1719 1398 1831 1470 mundi,
1846 1399 1986 1460 miserere
2000 1401 2096 1460 nobis.

1257 1494 1382 1564 Christe,
1398 1493 1469 1553 audi
1483 1511 1548 1554 nos.

1257 1588 1348 1665 Kyrie
1362 1587 1483 1658 eleison,
1499 1587 1547 1646 iii.
1589 1584 1706 1645 Christe
1720 1586 1851 1664 eleyson,
1867 1587 1913 1648 ,iit

1255 1681 1347 1754 Deus,
1363 1681 1418 1741 celi
1437 1690 1571 1759 terreque
1586 1679 1770 1754 dominiator,
1786 1682 1836 1758 qni
1850 1681 1903 1742 das
1922 1700 2023 1743 escam
2038 1683 2121 1744 omni

1215 1778 1303 1848 carni,
1325 1787 1353 1836 et
1378 1776 1483 1853 imples
1508 1792 1598 1834 omne
1624 1775 1732 1834 animal
1757 1775 1971 1850 benedictione,
1996 1778 2122 1838 benedic

1215 1881 1244 1931 et
1260 1871 1410 1930 sanctifica
1427 1869 1505 1930 hanc
1526 1878 1688 1929 creaturam
1708 1869 1812 1942 camis,
1826 1879 1859 1928 ut
1876 1871 1962 1930 nobis
1977 1871 2057 1930 dona
2070 1883 2122 1934 tua

1214 1966 1397 2025 sumentibus
1426 1965 1532 2023 animae
1560 1962 1754 2041 corporisque
1788 1963 1943 2024 sanitatem
1978 1965 2122 2043 propitius

1214 2059 1370 2119 concedas.
1412 2057 1469 2118 Per
1490 2057 1654 2118 dominum.

1214 2249 1289 2316 iiiiii.
1303 2250 1364 2316 nat.
1381 2267 1450 2330 aug.
1490 2248 1605 2314 Natali
1626 2252 1796 2313 nuntiatum
1817 2250 1911 2315 ahtan
1933 2256 1961 2315 tt
1981 2267 2092 2316 arnam
2101 2254 2121 2316 ¹.

1581 2389 1752 2476 [prefatae]

1255 2525 1294 2586 U.
1331 2526 1369 2585 D.
1401 2535 1510 2586 aeterne
1547 2527 1628 2587 deus.
1680 2526 1718 2586 Et
1749 2538 1778 2586 te
1810 2525 1928 2586 laudare
1960 2526 2122 2587 mirabilem

1215 2623 1302 2682 deum
1321 2623 1352 2680 in
1373 2621 1481 2680 sanctis
1496 2621 1561 2693 tuis,
1576 2639 1654 2699 qnos
1673 2632 1741 2681 ante
1764 2620 2004 2681 constitutionem
2019 2622 2122 2682 mundi

1214 2716 1245 2775 in
1269 2729 1410 2776 aeternam
1430 2715 1482 2773 tibi
1506 2713 1630 2792 gloriam
1654 2715 1826 2794 preparasti,
1847 2723 1880 2773 ut
1900 2732 1954 2791 per
1977 2733 2030 2775 eos
2053 2715 2122 2776 huic

1214 2810 1327 2869 mundo
1354 2809 1483 2869 ueritatis
1510 2820 1569 2868 tuae
1600 2808 1701 2868 lumen
1733 2809 1912 2869 ostenderes.
1968 2807 2053 2881 Quos
2082 2810 2122 2869 ita

1214 2905 1317 2982 spiritu
1344 2904 1474 2963 ueritatis
1503 2904 1630 2976 armasti,
1659 2915 1691 2962 ut
1718 2903 1906 2962 formidinem
1936 2905 2040 2963 mortis
2068 2922 2121 2982 per

1213 3002 1409 3062 infirmitatem
1437 3000 1532 3060 carnis
1558 3001 1733 3060 euincerent.
1776 2999 1823 3059 De
1844 3017 1970 3076 quorum
1994 3000 2120 3076 collegio

1213 3107 1282 3155 sunt
1296 3106 1436 3173 martyres
1451 3095 1494 3153 tui
1508 3094 1608 3154 abdon
1621 3105 1650 3153 et
1669 3111 1786 3167 sennes,
1801 3093 1896 3171 quiin
1915 3092 2048 3153 ecclesiae
2062 3105 2119 3154 tuae

1212 3200 1306 3268 prato,
1328 3190 1402 3250 sicut
1423 3206 1498 3248 rosae
1519 3198 1549 3248 et
1571 3188 1630 3247 lilia
1651 3188 1821 3248 floruerunt.
1864 3186 1951 3260 Quos
1976 3188 2119 3265 unigeniti

1212 3285 1254 3343 tui
1279 3283 1398 3360 sanguis
1423 3283 1454 3341 in
1477 3283 1577 3361 praelio
1602 3281 1796 3342 consessionis
1818 3299 1905 3342 roseo
1927 3281 2026 3341 colore
2052 3301 2119 3360 per-

1213 3377 1294 3450 fudit,
1317 3388 1346 3437 et
1366 3378 1407 3436 ob
1427 3377 1573 3454 premium
1594 3377 1740 3453 passionis
1762 3377 1850 3437 niueo
1872 3375 1997 3436 liliorum
2021 3376 2118 3454 splen·

1214 3473 1285 3532 dore
1299 3472 1425 3531 uestiuit.
1467 3471 1524 3531 Per
1538 3490 1627 3550 quem
1635 3471 1655 3530 ¹.

1271 3663 1370 3730 atui.
1383 3663 1444 3727 ital.
1459 3663 1570 3746 apulia
1612 3662 1655 3728 lia
1674 3664 1772 3824 {atala
1792 3663 1888 3729 sancti
1908 3662 2065 3741 mthlrthti

1590 3761 1673 3842 panti
1696 3761 1748 3825 tia.

1256 3895 1454 3974 Omnipotens
1482 3895 1657 3971 sempiterne
1686 3895 1768 3968 deus,
1799 3894 1849 3972 qui
1879 3894 1989 3954 meritis
2024 3895 2118 3955 sancti

1215 3990 1378 4050 cuthberhti
1396 3989 1543 4068 pontilicis
1557 3991 1599 4049 tui
1618 4009 1735 4067 semper
1749 4008 1781 4050 es
1795 4001 1824 4050 et
1838 3989 1946 4066 ubique
1960 3989 2115 4061 mirabilis:

1215 4099 1375 4163 quesumus
1399 4085 1585 4143 clementiam
1609 4093 1698 4157 tuam,
1724 4095 1756 4144 ut
1784 4086 1859 4144 sicut
1887 4087 1913 4144 ei
1937 4085 2116 4144 eminentem

1214 4180 1338 4257 gloriam
1349 4179 1505 4252 contulisti,
1520 4180 1562 4240 sic
1577 4180 1615 4239 ad
1630 4179 1871 4256 consequendam
1885 4179 2116 4240 misericordiam

1213 4285 1293 4334 tuam
1308 4275 1370 4335 eius
1384 4293 1440 4334 nos
1455 4275 1545 4335 iacias
1559 4275 1695 4353 precibus
1710 4275 1879 4334 adadiuuari
1891 4273 1909 4333 ³.
1951 4274 2009 4335 Per
2016 4277 2035 4334 ⁴.

1608 4418 1727 4481 Secreta.

1254 4539 1330 4601 Haec
1350 4541 1411 4613 tibi,
1425 4558 1594 4618 quesumus,
1610 4540 1737 4614 domine,
1756 4539 1833 4600 beati
1854 4539 2017 4600 cuthberhti
2037 4560 2114 4618 pon·

1212 4635 1296 4696 tificis
1311 4636 1352 4695 tui
1372 4637 1580 4696 intercessione
1599 4653 1679 4695 nunc
1697 4643 1779 4712 grata
1799 4635 1935 4694 reddatur
1948 4635 2068 4707 oblatio,
2084 4647 2113 4696 et

1212 4747 1344 4808 peream
1358 4730 1517 4807 gloriosam
1530 4741 1665 4790 nostrum
1680 4728 1852 4790 famulatum
1866 4729 1996 4808 purifica.
2025 4729 2081 4790 Per
2091 4731 2111 4790 ⁸.

1593 4874 1734 4952 Presntio.

1250 4994 1290 5055 U.
1317 4994 1355 5054 D.
1385 5005 1491 5054 aeterne
1524 4994 1605 5053 deus.
1659 4992 1750 5053 Cuius
1781 4991 1979 5052 misericordia
2012 4993 2112 5053 inesti-

1210 5089 1334 5160 mabilis,
1363 5089 1505 5167 sapientia
1535 5087 1771 5147 inmarcessibilis
1802 5086 1969 5145 mirabiliter
1998 5088 2052 5146 erit
2080 5090 2112 5147 in

1210 5195 1379 5245 sanctorum
1412 5183 1531 5242 meritis.
1588 5181 1704 5255 Quibus
1733 5182 1819 5258 igitur
1848 5181 1962 5240 diffusis
1993 5183 2024 5240 in
2052 5182 2111 5242 fide

1242 5371 1251 5399 ¹
1267 5371 1323 5420 The
1334 5369 1414 5419 Missa
1425 5368 1463 5418 sor
1475 5367 1544 5419 these
1556 5369 1633 5418 saints
1644 5382 1731 5418 occurs
1742 5367 1848 5418 without
1859 5384 1875 5418 a
1886 5367 1988 5418 Prelace
2003 5369 2028 5417 in
2040 5369 2064 5418 Α
2077 5385 2110 5420 on

1208 5450 1252 5502 sol.
1266 5453 1310 5500 181
1320 5465 1344 5500 a.
1815 5446 1825 5476 ¹
1842 5447 1873 5498 O.
1886 5463 1910 5514 p.
1923 5457 1980 5510 327.

1240 5532 1250 5562 ⁸
1267 5531 1291 5579 Α
1302 5529 1352 5580 line
1366 5529 1411 5578 has
1428 5527 1490 5579 been
1506 5525 1591 5578 drawn
1602 5525 1717 5591 through
1731 5525 1774 5576 the
1789 5525 1843 5578 first
1858 5535 1909 5578 two
1924 5527 2009 5577 letters
2023 5526 2053 5578 ol
2060 5527 2111 5578 this

1208 5609 1285 5664 word

1240 5689 1249 5719 ⁴
1266 5689 1297 5740 Y.
1309 5686 1353 5740 iol.
1363 5689 1395 5753 83
1408 5703 1431 5738 a.
1889 5686 1899 5718 ⁵
1915 5686 1954 5738 Ib.
