5124 6608
502 598 674 687 &athan
699 599 836 686 §anan
1465 592 1637 670 Bontnlta
1660 591 1797 678 §anna
2034 612 2082 682 99

229 821 327 887 quem
365 800 496 877 dedisti,
526 810 564 866 ut
597 820 734 885 corpore
768 809 803 866 et
833 809 945 866 mente
980 801 1129 867 renouati
1478 793 1540 860 Ad
1556 792 1784 877 complendum.

228 923 344 986 puram
360 901 421 967 fibi
435 900 618 966 exhibeant
634 901 838 966 seruitutem·
884 901 970 967 Pei*
1226 921 1388 1006 Spiritum
1408 920 1512 997 nobis,
1527 920 1671 996 domine,
1686 928 1753 983 tuae
1770 915 1916 982 caritatis
1937 915 2084 992 infunde,

557 1039 665 1122 Super
684 1037 802 1105 oblata,
1181 1032 1218 1087 ut
1245 1040 1330 1105 quos
1366 1021 1580 1086 sacramentis
1611 1018 1824 1102 paschalibus
1860 1016 1997 1094 satiasti,
2026 1024 2085 1080 tua

272 1150 421 1235 Suscipe,
437 1151 582 1231 domine,
596 1173 786 1236 quesumus,
806 1173 922 1236 preces
944 1151 1058 1235 populi
1081 1150 1129 1216 tui
1181 1121 1282 1188 &⁰5³⁸
1297 1121 1423 1206 Pietate
1439 1121 1629 1186 00¹¹C0¹de⁵·
1675 1118 1762 1181 Peri

229 1273 304 1318 cum
325 1252 550 1317 oblationibus
571 1253 763 1332 hostiarum,
778 1262 816 1316 ut
838 1251 1048 1334 paschalibus
1070 1251 1129 1315 ini·

229 1353 318 1418 tiatae
342 1351 520 1436 mysteriis,
542 1351 585 1416 ad
613 1352 807 1418 aeternitatis
830 1352 925 1417 nobis
952 1350 1129 1428 medelam,

229 1464 262 1520 te
276 1461 445 1538 operante,
461 1452 647 1537 proficiant.
691 1451 755 1518 Per
769 1453 967 1519 dominum.r

588 1589 764 1673 Praefatio,
1458 1561 1575 1627 Oratio
1596 1561 1645 1629 ad
1663 1562 1810 1629 mnsam.

272 1702 316 1769 U.
332 1699 398 1768 D.¹
413 1723 548 1786 aequum
564 1712 599 1768 et
614 1704 767 1769 salutare.
812 1704 864 1769 Te
885 1705 1022 1788 quidem
1039 1706 1129 1770 omni
1225 1703 1364 1782 DEVS,
1380 1702 1463 1787 QVI
1486 1701 1747 1771 HODIERNA
1765 1705 1849 1769 DIE
1871 1703 1963 1768 PER
1982 1703 2085 1768 VNI-

229 1815 388 1887 tempore,
404 1803 464 1868 sed
480 1805 513 1868 in
528 1803 591 1869 hac
606 1806 815 1888 potissimum
838 1816 936 1871 nocte
957 1808 1130 1889 gloriosius
1183 1801 1407 1870 GENITUM
1431 1803 1574 1870 TUUM
1597 1805 1875 1870 AETERNItatis
1897 1803 1992 1869 nobis
2014 1804 2084 1868 adi-

230 1904 399 1989 predicare
420 1899 526 1992 (cum)
548 1904 672 1986 pascha
693 1916 843 1970 nostrum
865 1906 1056 1971 immolatus
1079 1914 1132 1971 est
1181 1916 1254 1970 tum
1281 1904 1412 1969 deuicta
1435 1916 1542 1970 morte
1568 1906 1730 1985 reserasti,
1757 1914 1836 1969 uota
1862 1913 1982 1982 nostra,
2009 1924 2086 1986 quae

231 2003 379 2070 christus.
417 2003 495 2086 Ipse
513 2004 602 2068 enim
617 2025 714 2070 uerus
729 2015 779 2072 est
794 2026 908 2089 agnus,
923 2006 980 2090 qui
995 2006 1132 2071 abstulit
1183 2005 1418 2089 praeueniendo
1449 2006 1583 2088 aspiras,
1614 2005 1718 2092 etiam
1751 2005 1942 2070 adiuuando
1974 2024 2086 2088 prose-

232 2114 369 2189 peccata
395 2103 518 2183 mundi,
540 2105 597 2188 qui
621 2113 762 2170 mortem
789 2117 937 2172 nostram
962 2105 1131 2171 moriendo
1183 2123 1294 2188 quere.
1339 2105 1403 2170 Per
1417 2105 1588 2170 eundem.r

232 2204 406 2283 destruxit,
436 2213 470 2267 et
499 2205 604 2269 uitam
634 2207 836 2289 resurgendo
866 2206 1039 2290 reparauit.
1086 2203 1132 2270 Et

232 2307 306 2372 ideo
321 2326 398 2372 cum
413 2305 540 2390 angelis
550 2305 572 2371 ².
1566 2288 1706 2354 Secreta.

1228 2414 1376 2498 Suscipe,
1391 2415 1535 2491 domine,
1557 2435 1744 2499 quesumus,
1763 2435 1878 2498 preces
1900 2413 2015 2497 populi
2038 2414 2086 2478 tui

1183 2535 1259 2580 cum
1281 2513 1506 2580 oblationibus
1528 2513 1719 2594 hostiarum,
1734 2523 1772 2579 ut
1794 2513 2005 2598 paschalibus
2026 2515 2087 2578 ini·

1184 2616 1266 2680 tiata
1283 2615 1449 2699 mysteriis
1467 2613 1510 2679 ad
1526 2615 1721 2680 aetemitatis
1744 2614 1839 2679 nobis
1862 2613 2037 2694 medelam,
2053 2623 2088 2679 te

1183 2724 1350 2799 operante,
1366 2715 1550 2798 proficiant.
1594 2715 1680 2781 Per.r

1452 1409 1495 1477 lin
1513 1411 1654 1476 flaminica
1673 1415 1778 1476 sancta
1786 1409 1807 1474 ¹.

531 2446 635 2532 Infra
657 2446 821 2512 actionem.

275 2559 578 2638 Communicantes,
590 2569 625 2623 et
637 2568 769 2624 noctem
781 2559 1036 2624 sacratissimam
1048 2557 1133 2624 cele-

232 2662 366 2727 brantes
381 2662 626 2726 resurrectionis
644 2661 769 2724 domini
785 2661 887 2724 nostri
911 2659 1003 2724 ihesu
1019 2658 1131 2725 christi

232 2761 412 2826 secundum
424 2780 567 2825 carnem.
599 2759 668 2826 Sed
684 2769 718 2824 et
733 2761 926 2824 memoriam
938 2768 1132 2824 uenerantes

233 2861 380 2945 inprimis
405 2859 549 2944 gloriose
574 2880 706 2944 semper
730 2859 865 2946 uirginis
895 2859 1017 2931 mariae,
1040 2859 1133 2942 geni·
1544 2893 1709 2976 pmfatio

232 2959 321 3025 tricis
336 2960 486 3024 eiusdem
500 2958 554 3025 dei
577 2968 610 3024 et
626 2957 752 3023 domini
775 2957 878 3024 nostri
900 2957 993 3022 ihesu
1009 2957 1132 3023 christi.
1710 2943 1717 2960 ’

235 3057 301 3126 Sed
317 3069 353 3124 et
366 3059 542 3124 beatorum
557 3056 807 3142 apostolorum.r

1229 3018 1274 3085 U.
1290 3019 1334 3083 D.
1353 3040 1486 3104 aequum
1508 3028 1543 3085 et
1564 3018 1718 3086 salutare.
1763 3019 1814 3086 Te
1837 3020 1972 3105 quidem
1995 3022 2085 3086 omni

694 3196 701 3209 ³
1184 3129 1344 3203 tempore,
1366 3119 1426 3184 sed
1453 3120 1486 3183 in
1510 3118 1572 3185 hac
1596 3120 1806 3203 potissimum
1832 3121 1886 3186 die
1912 3121 2087 3204 gloriosius
2135 3155 2141 3170 ·

635 3196 728 3263 Aba·
1185 3220 1364 3304 predicare,
1380 3240 1448 3303 quo
1463 3215 1531 3303 (uel
1542 3217 1632 3305 curn)
1648 3218 1773 3304 pascha
1796 3229 1945 3285 nostrum
1967 3219 2087 3284 immo·

277 3312 378 3377 Hanc
400 3308 500 3395 igitur
518 3308 724 3375 oblationem
744 3307 912 3375 seruitutis
928 3317 1059 3389 nostrae,
1074 3311 1133 3375 sed
1185 3319 1272 3385 latus
1294 3327 1344 3383 est
1367 3318 1518 3383 christus.
1564 3318 1642 3402 lpse
1666 3319 1754 3384 enim
1776 3339 1873 3384 uerus
1896 3327 1947 3384 est
1971 3340 2086 3402 agnus,

236 3422 269 3478 et
288 3422 408 3493 cuncte
429 3409 563 3474 familiae
586 3418 663 3482 tuae,
680 3429 781 3493 quam
804 3409 865 3474 tibi
884 3407 1052 3474 offerimus
1074 3429 1135 3492 pro
1186 3419 1242 3503 qui
1258 3418 1395 3484 abstulit
1410 3427 1547 3500 peccata
1562 3419 1686 3495 mundi,
1699 3418 1767 3503 Qui
1783 3427 1924 3483 mortem
1940 3430 2087 3484 nostram

236 3511 285 3577 his
300 3531 443 3596 quoque,
459 3529 543 3594 quos
559 3529 751 3593 regenerare
766 3509 921 3593 dignatur
937 3529 972 3573 es
987 3530 1032 3573 ex
1047 3529 1134 3593 aqua
1186 3518 1357 3583 moriendo
1372 3517 1548 3598 destruxit,
1564 3526 1598 3582 et
1620 3518 1724 3583 uitam
1740 3520 1940 3602 resurgendo
1955 3539 2087 3603 repara-

235 3621 268 3677 et
289 3612 406 3695 spiritu
429 3618 554 3688 sancto,
571 3609 720 3674 tribuens
743 3611 791 3673 eis
813 3609 1040 3673 remissionem
1063 3629 1134 3673 om·
1186 3619 1242 3684 uit,
1288 3617 1334 3682 Et
1350 3615 1461 3682 ideol.

235 3711 324 3775 nium
351 3718 573 3795 peccatorum,
601 3707 801 3792 Quesumus,
828 3707 972 3788 domine,
998 3719 1036 3774 ut
1062 3707 1134 3792 pla·
1516 3715 1560 3780 In
1574 3715 1750 3798 fractione.

232 3819 348 3876 ‘am’
1230 3839 1532 3921 Communicantes,
1552 3849 1587 3906 et
1609 3839 1698 3905 dlem
1720 3841 1977 3908 sacratissimum
2002 3840 2086 3906 cele-

1185 3942 1320 4007 brantes
1351 3941 1595 4006 resurrectionis
1627 3941 1753 4005 domini
1780 3942 1835 4006 dei
1864 3942 1967 4006 nostri
1994 3941 2087 4006 ihesu

1186 4041 1299 4106 christi
1326 4041 1511 4106 secundum
1541 4059 1685 4105 carnem.
1731 4039 1800 4106 Sed
1831 4051 1865 4106 et
1892 4042 2088 4105 memoriam

1186 4151 1384 4207 uenerantes
1421 4141 1570 4224 inprimis
1604 4139 1748 4223 gloriose
1785 4160 1916 4223 semper
1953 4139 2088 4224 uirginis

1186 4241 1299 4306 mariae
1321 4241 1489 4325 genitricis
1515 4240 1663 4306 eiusdem
1690 4240 1745 4304 dei
1771 4250 1807 4305 et
1832 4239 1958 4304 domini
1984 4240 2088 4305 nostri

1185 4343 1278 4410 ihesu
1294 4343 1414 4424 christi,
1432 4342 1499 4409 Sed
1516 4351 1549 4407 et
1564 4342 1739 4406 beatorum
1754 4341 2006 4425 apostolorum.r

587 3893 777 3960 Benedictio.

276 4009 379 4087 Deus,
401 4008 459 4092 qui
486 4009 530 4073 de
556 4006 703 4073 ecclesiae
725 4029 794 4072 suae
816 4007 1014 4072 intemerato
1039 4016 1134 4073 utero

235 4129 337 4175 nouos
360 4107 502 4192 populos
530 4106 723 4191 producens,
747 4127 829 4186 eam,
852 4107 1041 4191 uirginitate
1064 4128 1132 4171 ma-

234 4217 341 4284 nente,
366 4227 454 4272 noua
476 4225 608 4290 semper
629 4207 721 4290 prole
743 4206 919 4285 fecundat3
942 4206 1029 4282 fidei,
1053 4207 1132 4289 spei,

234 4317 267 4373 et
285 4307 433 4373 caritatis
456 4327 517 4372 uos
541 4326 677 4372 munere
702 4307 838 4390 repleat,
863 4314 897 4371 et
922 4325 991 4370 suae
1012 4307 1047 4370 in
1073 4327 1134 4371 uos

234 4407 472 4472 benedictionis
487 4406 575 4472 dona
591 4405 750 4472 infundat.
788 4405 911 4471 Amen.

276 4506 323 4573 Et
334 4507 391 4591 qui
401 4506 488 4571 hanc
500 4506 755 4572 sacratissimam
768 4515 900 4572 noctem
915 4504 1134 4588 redemptoris
1588 4512 1681 4578 Alia,

234 4606 336 4672 nostri
352 4605 589 4672 resurrectione
605 4605 710 4671 uoluit
726 4606 906 4686 inlustrare,
919 4615 1046 4669 mentes
1061 4626 1133 4669 ues-

234 4717 309 4787 tras,
339 4716 551 4790 peccatorum
580 4705 726 4771 tenebris
764 4706 949 4784 mundatas,
973 4705 1132 4770 uirtutum

234 4805 335 4889 copiis
352 4805 452 4871 saciat
467 4825 645 4870 coruscare.
690 4802 813 4868 Amen.

276 4905 353 4991 Quo
368 4926 492 4982 eorum,
505 4906 561 4990 qui
577 4905 677 4970 modo
694 4905 799 4970 renati
814 4913 898 4980 sunt,
911 4903 1132 4968 innocentiam

234 5005 353 5070 imitari
376 5005 518 5083 certetis,
541 5015 575 5070 et
597 5002 731 5069 uascula
761 5005 923 5068 mentium
949 5011 1133 5067 uestrarum

235 5104 391 5188 exemplo
406 5105 608 5188 presentium
623 5103 785 5167 luminum
800 5102 990 5177 inlustrem,
1005 5109 1043 5166 ut
1057 5122 1132 5167 cum

234 5204 395 5270 bonorum
417 5223 556 5287 operum
588 5201 806 5286 lampadibus,
828 5202 872 5267 ad
898 5201 994 5266 huius
1021 5202 1132 5285 sponsi
1217 5179 1558 5322 ¹22⁹·fflffidm)
1719 5255 1783 5304 vE
1818 5255 1897 5304 lemur

236 5303 427 5381 thalamum,
446 5303 537 5368 cuius
560 5303 832 5367 resurrectionem
855 5301 1036 5380 celebratis,
1057 5321 1133 5366 cum
1244 5347 1271 5388 Α
1284 5295 1423 5386 'mm
1561 5291 1568 5306 ⁹
1719 5292 1762 5383 οὲ,
1776 5271 1975 5384 ineuntem

236 5402 453 5486 prudentibus
468 5401 650 5486 uirginibus
665 5401 787 5466 intrare
802 5399 944 5484 possitis.
988 5398 1111 5464 Amen.
1244 5425 1282 5465 rs
1297 5414 1414 5472 Domine,
1427 5410 1547 5477 proban
1717 5421 1745 5461 v.
1760 5411 1974 5462 Nominiudea.

276 5502 377 5587 Quod
394 5501 465 5584 ipse
482 5499 657 5586 prestarel.
1245 5505 1271 5544 n.
1287 5491 1423 5543 Haedis.
1719 5500 1745 5540 v.
1760 5489 1885 5540 Eatenus
1896 5497 1943 5540 est.

1244 5581 1271 5622 v,
1286 5569 1455 5621 Confitemini.
1719 5578 1786 5617 cort.
1802 5565 1899 5618 Pascha
1908 5575 2028 5620 nostrum

265 5653 347 5709 ¹÷et
356 5651 453 5719 justum
465 5652 496 5703 V.
644 5649 704 5702 ¹V.
716 5649 743 5702 Z.
918 5648 978 5702 ¹0.
991 5665 1016 5715 p.
1030 5647 1087 5716 3⁶9·
1217 5647 1276 5701 ¹0.
1288 5649 1316 5700 Z.
1329 5647 1377 5698 eud
1388 5648 1454 5698 here.
1494 5644 1779 5710 ÷cumangelis,usque
1790 5643 1957 5717 haediceptse
1965 5647 1998 5697 V.

1717 5740 1778 5792 02
1904 5731 1912 5744 '

1229 4654 1329 4721 Hanc
1350 4655 1449 4740 igitur
1463 4653 1667 4719 oblationem
1692 4653 1859 4719 seruitutis
1882 4664 2011 4731 nostrae,
2027 4654 2086 4717 sed

1185 4763 1219 4820 et
1241 4765 1359 4838 cuncte
1380 4754 1514 4820 familiae
1536 4764 1612 4831 tuae,
1627 4774 1728 4836 quam
1752 4754 1812 4818 tibi
1834 4752 2003 4817 offerimus
2025 4773 2086 4836 pro

1184 4853 1236 4918 his
1251 4874 1383 4938 quoque
1397 4874 1482 4936 quos
1497 4872 1691 4936 regenerare
1705 4853 1860 4935 dignatus
1876 4871 1912 4916 es
1933 4872 1978 4916 ex
1999 4871 2086 4935 aqua

1184 4963 1219 5019 et
1245 4953 1361 5037 spiritu
1383 4963 1508 5032 sancto,
1525 4952 1674 5017 tribuens
1696 4952 1743 5016 eis
1766 4951 1991 5016 remissionem
2013 4971 2086 5016 om·

1720 5185 1764 5228 at.
1779 5175 1876 5226 Pascha
1885 5183 2006 5227 nostrum.

1962 5853 2034 5923 ’ἐ-
