5122 6610
429 591 499 665 154
641 573 729 660 aa.
746 575 900 665 annm,
916 574 1101 670 molatur.

494 833 569 899 uult.
585 834 623 898 rb.
638 851 706 914 nup.
732 833 845 900 tiatntr
859 835 953 899 sanat
967 835 1089 917 tpburtii
1102 833 1239 916 martpris
1250 836 1270 899 ¹.

473 981 568 1045 Beati
584 980 723 1064 tyburtii
740 1003 810 1058 nos,
826 981 970 1060 domine,
985 981 1122 1046 ioueant
1137 981 1330 1048 continuata

429 1081 578 1165 presidia,
595 1081 674 1165 quia
696 1101 763 1144 non
779 1082 902 1146 desinis
920 1083 1082 1166 propitius
1104 1083 1222 1146 intueri
1244 1101 1329 1165 quos

427 1179 550 1246 talibus
564 1181 697 1247 auxiliis
712 1182 911 1247 concesseris
926 1181 1087 1247 adiuuari.
1130 1182 1218 1246 Pera

809 1362 951 1428 Secreta.

471 1484 613 1562 Adesto,
641 1485 784 1564 domine,
811 1485 962 1569 precibus
986 1485 1101 1570 populi
1126 1485 1182 1561 tui,
1210 1488 1327 1551 adesto

429 1585 626 1660 muneribus,
644 1594 681 1649 ut
703 1606 778 1666 quae
800 1571 908 1650 sacris
926 1597 1004 1649 sunt
1026 1586 1139 1651 oblata
1162 1585 1327 1667 mysteriis

428 1695 561 1750 tuorum
591 1685 651 1749 tibi
681 1684 835 1768 placeant
866 1687 1098 1751 intercessione
1127 1697 1326 1752 sanctorum.

429 1787 519 1851 Perst

796 1886 960 1969 Presatio.
1034 1871 1039 1878 ¹

472 2009 516 2074 U.
539 2009 583 2074 D.
603 2020 725 2075 eeteme
747 2013 837 2077 deus.
883 2012 949 2096 Qui
972 2014 1052 2078 dum
1074 2011 1164 2076 beati
1190 2012 1327 2095 tyburtii

430 2112 585 2193 martyris
614 2113 733 2176 merita
761 2112 905 2196 gloriosa
938 2132 1140 2188 ueneramur,
1167 2111 1327 2178 auxilium

429 2209 523 2274 nobis
538 2220 604 2275 tuae
618 2213 862 2295 propitiationis
878 2213 992 2278 adfore
1006 2215 1230 2295 deprecamur,
1246 2232 1326 2296 quo·

429 2309 517 2373 niam
530 2313 694 2376 credimus
706 2333 766 2376 nos
778 2333 837 2396 per
847 2332 961 2377 eorum
980 2311 1258 2387 intercessionem,
1271 2311 1326 2394 qui

427 2410 488 2473 tibi
508 2410 670 2493 placuere,
686 2421 898 2496 peccatorum
915 2423 1103 2478 nostrorum
1119 2411 1250 2477 ueniam
1266 2412 1327 2476 irn-

426 2518 565 2592 petrare.
612 2511 674 2576 Per
687 2511 848 2577 christum
858 2509 881 2574 ².

723 2686 786 2750 Ad
803 2685 1032 2770 complendum.

472 2810 695 2896 Sumpsimus,
738 2812 882 2886 domine,
928 2812 1048 2896 pignus
1091 2812 1328 2897 redemptionis

428 2921 559 2976 aeterne.
593 2909 646 2976 Sit
658 2911 761 2990 nobis,
776 2931 962 2995 quesumus,
975 2912 1214 2979 interueniente
1228 2914 1329 2979 beato

426 3011 564 3077 tiburtio
591 3021 736 3093 martyre
765 3021 833 3086 tuo,
864 3011 942 3075 uitae
975 3012 1139 3095 presentis
1167 3013 1328 3079 auxilium

426 3111 548 3194 pariter
563 3119 597 3176 et
611 3111 739 3175 suturae.
786 3111 857 3176 Per.

542 3374 592 3440 un.
608 3390 676 3455 any.
702 3373 816 3440 ttrtau
830 3377 925 3440 sanni
937 3377 1039 3458 ppolttr'
1055 3379 1192 3460 nnttptr's
1201 3380 1222 3442 ⁸.

472 3508 527 3572 Da
549 3509 652 3583 nobis,
676 3509 887 3592 omnipotens
910 3511 1000 3586 deus,
1024 3521 1062 3576 ut
1082 3511 1172 3577 beati
1195 3511 1327 3594 ypolyti

427 3607 582 3689 martyris
605 3607 652 3672 tui
676 3604 920 3693 (sociorumque
943 3608 1027 3697 eius)
1049 3613 1237 3676 ueneranda
1263 3610 1327 3676 sol-

427 3707 581 3772 lemnitas
597 3718 631 3772 et
645 3708 859 3772 deuotionem
875 3709 970 3774 nobis
988 3719 1109 3794 augeat
1124 3721 1158 3776 et
1175 3709 1327 3775 salutem.

427 3807 513 3873 Pers

808 3914 947 3979 Secreta.

470 4035 622 4120 Respice,
638 4037 782 4115 domine,
795 4060 931 4103 munera
945 4037 1059 4121 populi
1075 4037 1123 4102 tui
1139 4047 1327 4102 sanctorum

427 4135 607 4201 sestiuitate
642 4138 767 4214 uotiua,
797 4147 831 4202 et
862 4147 929 4202 tuae
959 4136 1149 4202 testificatio
1179 4138 1329 4202 ueritatis

428 4234 523 4299 nobis
552 4236 701 4318 proficiat
723 4237 767 4301 ad
794 4237 945 4302 salutem.
990 4237 1053 4301 Per
1074 4235 1246 4302 dominum
1268 4258 1327 4303 no·

428 4343 559 4400 strum.⁷

795 4433 958 4518 Prefatio.

471 4557 516 4623 U.
532 4557 575 4622 D.
591 4565 713 4623 aeteme
729 4558 821 4624 deus.
867 4559 914 4624 Et
928 4569 1021 4624 tuam
1036 4556 1247 4623 clementiam
1270 4580 1329 4623 uo·

427 4656 520 4721 cibus
541 4657 745 4740 supplicibus
768 4658 954 4741 implorare,
968 4668 1006 4722 ut
1027 4657 1117 4722 beati
1139 4657 1259 4741 ypoliti
1280 4659 1329 4722 in·

427 4757 583 4821 tercessio
598 4768 810 4840 peccatomm
826 4767 1012 4822 nostrorum
1025 4756 1176 4842 optineat
1187 4757 1329 4837 ueniam,

937 5013 980 5052 An.
992 5001 1125 5052 Mirabilis.

937 5091 980 5130 or.
992 5079 1023 5129 In
1035 5081 1133 5132 uirtute.

937 5170 979 5208 c0.
993 5158 1109 5219 Posuisti,
1120 5159 1229 5212 domine.

461 4996 468 5026 ¹
486 5011 511 5050 A.
522 4999 606 5050 Iustus
617 5005 644 5050 ut
656 4999 749 5065 palme.

485 5089 522 5128 rs.
534 5078 632 5127 Bonum
642 5085 687 5129 est.

484 5167 510 5205 tt.
522 5155 558 5206 Os
569 5157 628 5206 iusti
638 5157 808 5208 meditabitur.

485 5243 513 5283 v.
525 5233 577 5283 Lex
588 5233 628 5284 dei
639 5235 699 5284 eius.

461 5308 472 5339 ¹
487 5311 519 5362 0.
531 5327 556 5376 p.
570 5325 625 5377 3²9·
637 5313 664 5362 Z.

459 5387 470 5418 ⁸
486 5400 512 5439 A.
522 5389 585 5439 Iusti
596 5390 734 5454 epulentur.

485 5477 522 5516 rs
533 5467 652 5532 Exurgut.

486 5555 511 5594 tt.
524 5545 648 5595 Iustorum
659 5545 756 5598 animm.

485 5635 512 5674 v,
524 5623 579 5674 Uisi
590 5633 655 5678 sunt.

936 5404 981 5445 AL.
992 5391 1056 5444 Iusti
1067 5393 1204 5460 epulentur.

935 5483 978 5522 οῖ.
990 5470 1081 5520 Anima
1092 5479 1185 5522 nostra.

935 5561 978 5601 co.
990 5549 1056 5600 Dico
1067 5557 1150 5601 autern
1161 5549 1242 5601 uobis.

1718 575 1766 663 ὦ.
1784 577 1935 654 tiustbil.

1382 775 1437 859 qui
1453 797 1512 861 per
1526 786 1693 843 tormenta
1707 778 1869 862 passionis
1884 787 2043 844 aetemam
2064 779 2214 863 pemenit
2235 777 2279 845 ad

1380 876 1520 960 gloriam
1531 875 1552 943 ¹.
1597 877 1660 942 Per
1675 877 1834 944 christum
1844 876 1867 941 ².

1673 1038 1735 1104 Ad
1753 1040 1981 1123 complendum.

1424 1159 1713 1229 Sacramentorum
1744 1173 1876 1229 tuorum
1907 1167 2105 1245 communio
2135 1166 2278 1245 domine,

1379 1264 1569 1327 communio
1582 1273 1717 1348 sumpta
1732 1284 1792 1328 nos
1808 1265 1923 1346 saluet,
1938 1275 1973 1330 et
1988 1265 2022 1330 in
2045 1277 2112 1332 tuae
2132 1267 2280 1332 ueritatis

1379 1360 1452 1426 luce
1466 1362 1649 1428 confirmet.
1695 1363 1780 1428 Per.t

1379 1599 1538 1668 affluunt.
1555 1600 1615 1667 ital.
1629 1606 1705 1684 sept.
1732 1600 1844 1668 Natnlr
1858 1603 1955 1667 sarni
1973 1603 2080 1668 rustili
2096 1605 2279 1669 confessoris.

1421 1750 1523 1830 Deus,
1551 1751 1608 1834 qui
1639 1773 1699 1816 nos
1731 1752 1821 1818 beati
1852 1753 1976 1817 eusebii
2007 1753 2201 1819 confessoris
2231 1755 2278 1820 tui

1378 1871 1487 1915 annua
1516 1850 1740 1917 sollemnitate
1766 1851 1924 1926 laetificas,
1948 1854 2094 1920 concede
2117 1853 2278 1937 propitius

1380 1960 1416 2014 ut
1430 1951 1521 2015 cuius
1535 1949 1708 2014 sollemnia
1723 1951 1861 2016 colimus
1882 1971 1942 2035 per
1965 1953 2035 2017 eius
2057 1953 2215 2038 exempla
2234 1953 2277 2016 ad

1378 2061 1413 2116 te
1429 2051 1628 2134 gradiamur.
1669 2051 1732 2115 Per
1746 2052 1942 2117 dominumr

1756 2214 1894 2279 Secreta.

1422 2337 1548 2402 Laudis
1570 2347 1638 2403 tuae
1667 2337 1822 2415 hostiam,
1844 2339 1988 2417 domine,
2011 2339 2222 2404 immolamus
2244 2339 2277 2403 in

1378 2445 1509 2502 tuorum
1531 2440 1846 2502 commemoratione
1868 2449 2057 2503 sanctorum
2079 2439 2198 2522 quibus
2219 2457 2278 2502 nos

1379 2546 1414 2601 et
1435 2537 1643 2620 presentibus
1665 2539 1744 2603 exui
1764 2537 1861 2603 malis
1884 2539 2080 2604 confidimus
2102 2549 2137 2604 et
2154 2538 2279 2605 tuturis.

1379 2636 1443 2702 Per
1451 2635 1489 2702 3.*

1673 2799 1735 2864 Ad
1752 2799 1981 2883 complendum.

1422 2923 1553 2990 Resecti
1575 2927 1662 3008 cybo
1684 2933 1831 3008 potuque
1849 2925 1984 2998 caelesti,
2000 2926 2082 2991 deus
2105 2934 2224 3003 noster,
2243 2933 2279 2988 te

1379 3025 1543 3108 supplices
1555 3045 1740 3104 exoramus,
1752 3034 1789 3090 ut
1805 3025 1838 3090 in
1851 3025 1941 3091 cuius
1955 3025 2027 3090 haec
2039 3044 2276 3091 commemora·

1379 3123 1469 3188 tione
1499 3125 1713 3209 percepimus,
1736 3124 1806 3189 eius
1836 3125 2022 3190 muniamur
2050 3135 2085 3190 et
2117 3124 2278 3209 precibus.

1380 3223 1465 3288 Pers

1419 3437 1532 3503 tionem
1544 3437 1598 3504 nir.
1626 3436 1747 3518 &tritta
1762 3438 1978 3521 assumpttmts
1992 3443 2099 3504 sancta
2114 3436 2210 3502 matie
2219 3441 2240 3501 ⁴.

1422 3587 1524 3662 Deus,
1540 3588 1597 3671 qui
1619 3587 1815 3672 uirginalem
1836 3588 1947 3652 aulam
1964 3589 2074 3652 beatae
2096 3585 2227 3665 mariae,
2245 3586 2279 3649 in

1379 3707 1444 3770 qua
1459 3687 1637 3763 habitares,
1652 3686 1774 3771 eligere
1794 3687 1949 3770 dignatus
1965 3709 2009 3766 es,
2025 3689 2078 3764 da,
2094 3705 2279 3768 quesumus,

1378 3797 1416 3851 ut
1441 3807 1501 3850 sua
1527 3807 1588 3851 nos
1614 3786 1806 3872 defensione
1826 3789 1978 3864 munitos,
2001 3787 2158 3851 iocundos
2180 3785 2279 3850 saciat

1379 3907 1447 3951 suae
1464 3886 1622 3951 interesse
1637 3885 1816 3950 lestiuitati.
1861 3885 1929 3970 Qui
1944 3885 2029 3950 uiuis
2044 3895 2078 3950 et
2092 3896 2235 3968 regnas.t

1734 4035 1874 4100 Secreta.

1423 4157 1586 4226 Munera⁶
1619 4169 1742 4236 nostra,
1776 4159 1921 4235 domine,
1950 4161 2040 4243 apud
2071 4158 2278 4225 clementiam

1379 4267 1472 4323 tuam
1495 4261 1549 4325 dei
1571 4259 1737 4344 genitricis
1760 4258 1993 4323 commendet⁶
2015 4259 2141 4337 oratio;
2179 4277 2279 4341 quam

1380 4360 1501 4425 idcirco
1523 4360 1566 4425 de
1595 4359 1740 4443 presenti
1769 4357 1891 4423 saeculo
1921 4357 2126 4435 transtulisti,
2153 4367 2190 4424 ut
2218 4377 2279 4441 pro

1412 4609 1422 4640 ¹
1440 4609 1538 4662 neniam
1549 4611 1582 4661 0.
1843 4608 1854 4638 ¹
1871 4611 1895 4660 Ο
1908 4627 1933 4677 p.
1946 4623 2003 4674 330.
2016 4611 2044 4668 Z.

1412 4690 1423 4720 ⁸
1439 4689 1593 4755 ÷Praesatrb.
1616 4689 1650 4739 Et
1668 4688 1823 4740 clementiam
1839 4695 1908 4738 tunm
1925 4689 2010 4755 pronis
2027 4689 2151 4739 mentibus
2167 4703 2278 4748 morare,

1381 4771 1409 4815 nt
1431 4767 1497 4831 (per)
1522 4765 1589 4816 beati
1612 4767 1705 4820 eusebii
1733 4765 1880 4816 confessoris
1902 4765 2101 4816 intercessionem
2128 4765 2280 4816 salnutemn

1380 4846 1471 4894 nostris
1491 4844 1615 4894 mentibus
1631 4843 1714 4894 firmes
1731 4843 1898 4893 deuotionem.
1938 4843 2115 4908 concedasque
2132 4851 2159 4893 nt
2176 4844 2280 4894 sicutte

1381 4922 1462 4972 solum
1474 4923 1597 4972 credimus
1612 4931 1739 4972 auctorem
1749 4928 1775 4972 et
1786 4937 1932 4972 uenerantur
1942 4922 2101 4980 saluatorem,
2114 4937 2150 4972 nc
2161 4923 2186 4971 in
2195 4937 2280 4986 perpe·

1381 5007 1451 5050 tuum
1468 5001 1521 5050 eius
1534 5001 1674 5050 interuentu
1684 5000 1820 5050 habeamus
1835 5000 1981 5051 adiutorem.
2014 5001 2062 5050 Per
2072 5000 2190 5050 christum
2201 4998 2279 5050 domi·

1379 5093 1439 5127 num
1450 5085 1571 5128 nostrum.
1588 5079 1616 5129 Z.

1412 5155 1422 5186 ¹
1439 5157 1498 5219 (uel,
1511 5155 1584 5206 Salue
1596 5157 1703 5219 sancta).

1438 5246 1464 5285 A.
1477 5233 1582 5284 Uultntn
1594 5241 1672 5284 tuum.

1437 5322 1474 5360 rs
1486 5310 1622 5361 Eructauit.

1437 5401 1462 5441 Pe
1473 5389 1569 5440 Diffusa
1580 5398 1625 5441 est.

1435 5479 1461 5519 v.
1473 5469 1577 5533 Propter
1588 5468 1724 5518 ueritatem.

1410 5546 1442 5578 Η
1459 5546 1553 5612 Magna
1569 5557 1614 5607 est,
1631 5547 1738 5610 domine,
1750 5547 1817 5613 apud
1834 5547 1990 5600 clementiam
2009 5554 2078 5598 tuam
2095 5546 2135 5598 dei
2151 5547 2279 5614 genitricis

1887 5167 1930 5207 οῖ.
1943 5156 2090 5207 Olierentur.

1887 5245 1930 5284 co.
1941 5233 2038 5285 Diffusa
2049 5242 2094 5284 est.

1887 5315 1941 5375 (un.
1953 5312 1995 5361 Ab
2006 5312 2086 5363 initio.

1886 5403 1931 5443 av.
1942 5391 2069 5456 Loquente
2081 5389 2172 5454 ihesu).
