5116 6608
1056 557 1171 652 utsii
1197 556 1308 645 stiffi·
1334 561 1428 634 trrir.
2081 583 2153 658 307

297 775 355 835 que
382 765 411 816 et
435 775 558 818 munera
585 767 694 831 nostra,
719 758 895 836 deprecante
918 769 1021 820 sancto
1046 757 1199 832 osuuatdo,
1254 758 1334 817 beati
1363 758 1539 820 uuillibrordi
1567 759 1742 822 confessoris
1769 762 1811 822 tui
1839 772 1868 822 et
1895 763 2043 842 pontilicis
2066 763 2153 824 inter-

296 853 348 910 tibi
364 851 466 912 reddat
480 861 625 928 acceptas,
640 863 668 912 et
683 854 769 913 nobis
783 871 818 912 ea
833 863 1048 913 sacramentum
1062 853 1199 931 redemp-
1253 852 1395 924 cessione,
1405 853 1531 930 populus
1542 864 1608 915 tuus
1622 855 1714 915 fidelis
1729 856 1939 934 indulgentiam
1952 875 2072 917 suorum
2085 877 2153 935 pec·

297 945 385 1006 tionis
400 945 513 1006 efficiat.
556 945 612 1006 Per
626 947 779 1006 dominum
793 958 933 1008 nostnrm.
1253 955 1387 1004 catorum
1406 949 1548 1024 consequi
1569 959 1720 1022 mereatur,
1742 951 1824 1010 cuius
1848 952 2046 1012 uenerandam
2070 951 2154 1012 hodi·

1252 1056 1322 1098 erna
1336 1039 1383 1098 dle
1398 1040 1577 1101 celebramus
1591 1042 1784 1103 festiuitatem.
1823 1042 1890 1104 Per.

634 1114 862 1176 Poslcommum'o.

339 1235 491 1314 Supplices
518 1245 548 1297 te
576 1255 722 1314 rogamus,
745 1238 933 1317 omnipotens
960 1238 1040 1312 deus,
1065 1249 1097 1299 ut
1121 1257 1197 1317 quos
1642 1224 1762 1285 Secula·

297 1330 449 1390 celestibus
475 1331 560 1390 donis
585 1331 702 1402 satiasti,
725 1331 921 1392 intercedente
942 1332 1030 1392 beato
1053 1333 1196 1393 osuualdo
1292 1356 1407 1432 Oblata,
1422 1359 1541 1420 domine

296 1435 419 1503 martyre
434 1435 493 1498 tuo,
503 1435 644 1504 perpetua
658 1426 838 1503 protectione
853 1425 1009 1486 custodias·
1051 1424 1114 1486 Per.
1543 1380 1623 1439 ,que
1641 1363 1692 1421 t1b1
1709 1362 1859 1423 offerimus
1876 1382 1907 1421 ιη
1927 1361 2038 1422 honore
2059 1375 2152 1422 sancti

1249 1451 1429 1513 uuillibrordi
1444 1455 1621 1516 confessoris
1635 1457 1676 1516 tui
1690 1467 1777 1536 atque
1791 1458 1946 1536 pontificis,
1960 1467 2010 1518 tua
2024 1457 2152 1536 preclara

1249 1545 1403 1606 clementia
1427 1549 1594 1623 sanctificet,
1614 1561 1644 1610 et
1667 1569 1703 1610 ea
1730 1552 1879 1629 percipere
1902 1561 1951 1611 tua
1976 1553 2068 1630 gratia
2095 1569 2151 1611 nos

570 1707 637 1774 Nat
663 1726 680 1775 ἦ
707 1710 906 1774 πωπω,
1248 1640 1415 1716 purificatos
1435 1643 1547 1704 efficiat
1589 1643 1653 1704 Per,

336 1859 426 1933 Deus,
449 1859 577 1920 fidelium
604 1872 802 1921 remunerator
830 1860 998 1928 animarum,
1027 1871 1124 1937 presta
1151 1870 1193 1933 ut,
1534 1859 1753 1919 postcommum
1767 1853 1884 1943 [deest].

1034 2398 1210 2474 DIGBY
1239 2403 1322 2478 MS.
1353 2428 1409 2498 39.

333 2592 401 2653 The
429 2591 577 2669 following
602 2591 727 2663 Masses‚
748 2592 794 2653 for
814 2593 940 2655 festivals
962 2593 995 2655 of
1014 2594 1054 2654 St.
1076 2594 1193 2658 Birinus
1626 2601 1765 2681 Prssrtr'o.

294 2705 342 2748 are
356 2689 467 2747 written
482 2688 511 2746 in
525 2706 543 2745 a
558 2686 640 2746 small
657 2687 899 2766 twelfth-century
914 2687 990 2760 MS..
1004 2689 1098 2749 which
1118 2708 1193 2750 once
1286 2707 1324 2768 U,
1336 2709 1374 2769 1),
1389 2719 1495 2770 εἴπῃς
1511 2708 1591 2770 deus¹
1633 2708 1726 2769 Cuius
1741 2708 1968 2769 misericordiam
1982 2728 2148 2784 emulus,

293 2782 439 2858 belonged
451 2791 481 2840 to
495 2775 545 2840 'the
560 2781 664 2858 Abbey
678 2781 714 2842 of
724 2782 895 2860 Abingdon,
910 2782 968 2842 and
983 2783 1007 2842 is
1021 2800 1088 2842 now
1099 2784 1130 2842 in
1144 2784 1193 2845 the
1246 2815 1278 2862 ut
1311 2804 1362 2881 qui
1396 2803 1489 2864 sancti
1523 2804 1656 2881 episcopi
1691 2821 1792 2864 mm
1822 2803 2041 2865 mnslarionem
2072 2806 2147 2864 cele.

295 2875 435 2936 BOdlelee
457 2875 585 2953 lefeff·
628 2876 654 2934 Ῑῑ
675 2877 809 2936 ⁰0¹¹lel¹¹e
830 2894 849 2935 e
869 2875 924 2936 see*
945 2876 1014 2937 lleee
1034 2876 1192 2952 0s'Selflle>
1245 2897 1365 2957 bramus
1379 2899 1431 2957 tibi
1444 2916 1607 2958 mereamur
1621 2897 1743 2957 fideliter
1757 2898 1909 2970 deseruire‚
1922 2898 2021 2976 sicque
2036 2899 2066 2958 in
2080 2917 2147 2976 pre·

295 2970 399 3049 chiefly
415 2969 597 3049 Englishss-
1245 2992 1319 3050 senti
1347 2991 1448 3064 foueri,
1470 3001 1501 3052 ut
1526 3000 1594 3070 post
1618 2993 1712 3052 carnis
1738 2990 1869 3052 debitum
1889 2991 1952 3052 eius
1975 3010 2032 3052 nos
2057 2992 2146 3053 facias

1244 3085 1336 3162 glorie
1350 3085 1512 3146 admisceri.
1554 3084 1618 3146 Per.

364 3199 417 3264 llll.
433 3215 501 3263 run.
517 3203 593 3280 sept.
627 3197 801 3263 oranalattu
822 3215 848 3264 s.
865 3198 950 3263 hirini
967 3198 1090 3281 epletupi
1100 3202 1120 3266 ¹.
1370 3287 1373 3292 Ι
1568 3217 1818 3294 Adcomplendum.

331 3359 485 3420 Familiam
499 3368 589 3430 tuam,
605 3357 734 3430 domine,
747 3359 824 3418 beati
838 3358 933 3436 byrini
954 3359 1085 3437 episcopi
1099 3368 1209 3435 trans„
1287 3338 1474 3399 seelemenle
1487 3348 1545 3411 iuer
1561 3338 1688 3411 demine,
1702 3355 1760 3415 (lee
1781 3336 1893 3414 indigni
1914 3336 2099 3414 percellimus
2116 3347 2146 3398 et

292 3455 429 3540 lationem
446 3454 641 3513 celebrantem
656 3463 706 3513 tua
727 3454 876 3513 circumda
897 3454 1093 3514 misericordia
1104 3474 1112 3530 ς
1135 3453 1193 3534 (ut)
1245 3432 1365 3493 “lmine
1393 3443 1494 3494 neelfa
1519 3431 1681 3510 detergant,
1704 3439 1734 3491 et
1754 3441 1857 3492 eeneie
1878 3431 2075 3492 intercedente
2096 3451 2144 3494 el·

292 3561 320 3610 et
340 3568 442 3610 secura
463 3549 514 3608 tibi
536 3548 687 3622 deseruiat,
702 3548 808 3608 eteius
829 3548 978 3626 suffragiis
998 3567 1068 3609 uera
1087 3567 1192 3629 appre·
1244 3545 1315 3588 eme
1332 3527 1370 3586 eb
1384 3527 1467 3587 ΟΜ
1481 3526 1561 3587 m²l⁰
1575 3544 1632 3586 ¹¹⁰⁵
1646 3519 1841 3608 defenda[n]t
1883 3524 1947 3584 Pes·

291 3643 399 3704 hendat
412 3643 528 3722 gaudia.
569 3642 634 3701 Per.

684 3734 803 3796 Secreta.
1297 3729 1372 3796 uui.
1388 3747 1456 3796 uun.
1471 3731 1591 3796 betrui.
1628 3729 1786 3812 utpusttu
1803 3743 1830 3794 s.
1846 3727 1939 3810 ipsiu
1956 3728 2089 3810 episcopi.

333 3858 444 3918 Munus
469 3859 528 3930 tibi,
554 3857 683 3928 domine,
706 3856 844 3928 oblatum,
868 3864 970 3916 sancto
994 3857 1190 3918 intercedente
1283 3876 1392 3948 presta,
1407 3894 1573 3955 quesumus,
1595 3876 1783 3952 omnipotens
1804 3875 1886 3945 deus,
1907 3882 1939 3933 ut
1959 3873 2033 3934 sicut
2053 3873 2143 3934 deuo.

291 3954 401 4032 byrino‚
416 3953 537 4012 libenter
557 3951 681 4030 suscipe,
696 3961 725 4011 et
741 3950 924 4010 offerentium
944 3960 1014 4010 uota
1033 3950 1191 4011 clementer
1241 3971 1361 4043 tissime,
1386 3971 1463 4032 beati
1491 3971 1586 4048 bysini
1613 3971 1788 4031 confessoris
1813 3970 1854 4028 tui
1882 3978 1969 4047 atque
1995 3967 2143 4046 pontificis

290 4047 402 4108 exaudi.
444 4047 507 4106 Per.
1242 4085 1340 4125 annua
1349 4065 1539 4144 depositionis
1553 4064 1725 4142 sollempnia
1736 4081 1919 4136 ueneremur,
1928 4064 1971 4123 sic
1983 4081 2037 4139 per
2047 4062 2143 4140 ipsum

299 4165 1191 4295 W*
1242 4159 1467 4220 misericordiam
1482 4169 1561 4219 tuam
1576 4159 1666 4219 hicet
1680 4159 1710 4218 in
1725 4159 1789 4219 celo
1804 4175 2026 4235 consequamur.
2069 4155 2131 4216 Per.

321 4307 332 4337 ¹
347 4264 553 4370 F01f5tasrue
569 4305 699 4372 following
714 4311 820 4356 account
836 4303 866 4353 of
879 4302 921 4354 the
935 4303 1093 4355 Translution
1109 4306 1139 4356 of
1151 4307 1189 4360 st.
1630 4311 1748 4373 Secreta.

292 4385 389 4436 Birinus
401 4385 422 4435 is
433 4385 507 4435 taken
519 4385 583 4435 from
595 4385 638 4434 the
651 4400 719 4434 same
731 4383 793 4440 Mu,
805 4383 849 4434 fol.
863 4393 893 4446 73
902 4399 966 4432 a:-

323 4465 502 4514 ⁴Donauerunt
518 4470 601 4513 autem
619 4463 755 4528 supradicti
773 4477 843 4526 reges
858 4462 933 4512 beato
946 4471 1044 4510 sintrio
1059 4462 1188 4513 ciuitatem
1686 4515 1692 4528 ,
1782 4515 1788 4528 ,
1940 4513 1967 4526 Η
2013 4511 2018 4525 ,

291 4558 337 4609 que
351 4543 474 4607 dorlrlnga
489 4549 600 4598 uocatur,
617 4543 649 4591 ad
664 4541 803 4592 faciendam
820 4541 845 4590 in
862 4541 897 4590 ibi
911 4541 995 4589 sedem
1009 4541 1187 4607 episcopalem.
1240 4516 1328 4588 mine,
1343 4517 1554 4576 c⁰mmende¹¹t
1574 4514 1720 4592 sufffafflar
1742 4531 1825 4573 cutus
1845 4513 2036 4590 dell⁰⁵¹t¹⁰¹¹¹⁸
2053 4510 2141 4590 (cele'

291 4619 443 4670 Sublimatus
458 4620 535 4686 igitur
545 4622 570 4670 in
582 4621 640 4671 sede
652 4621 739 4676 beatus
753 4619 863 4680 antistes,
876 4625 948 4684 parat
963 4619 1087 4678 ecclesias,
1099 4619 1187 4672 altaria
1239 4609 1370 4689 bromus)
1385 4610 1565 4689 sollempnia.
1608 4608 1665 4668 Pet·
1679 4609 1840 4669 dominum.

291 4699 369 4763 ponit.
380 4699 531 4750 simulachra
542 4699 655 4764 dissipat.
666 4698 724 4749 fanu
735 4699 864 4754 subuertit.
873 4705 920 4747 etc.
932 4731 939 4745 .
953 4733 959 4746 .
972 4733 977 4746 .
992 4695 1046 4759 (tot
1060 4708 1090 4761 74
1099 4701 1135 4761 a).
1157 4700 1186 4750 In

291 4777 377 4827 eadem
389 4785 473 4828 autem
486 4778 587 4828 ciuitate
598 4777 649 4838 ubi,
663 4777 711 4828 deo
722 4777 838 4834 donante,
848 4774 1008 4842 pontificatus
1023 4775 1186 4828 ministerium
1620 4768 1759 4848 Presaft'm

290 4857 398 4920 gerebat,
408 4871 498 4920 corpus
510 4857 563 4907 eius
575 4856 698 4922 sepultum
709 4863 753 4917 est,
765 4857 808 4905 ubi
820 4855 896 4904 etiam
908 4870 951 4919 per
962 4853 1054 4904 multos
1065 4856 1186 4920 requieuit
1278 4876 1317 4938 U·
1338 4875 1376 4936 D·
1397 4885 1503 4936 meme
1531 4875 1611 4936 deus·
1653 4875 1853 4953 Deprecantes
1880 4883 1912 4932 ut
1939 4873 2041 4932 beatus
2069 4889 2140 4932 con,

291 4951 376 5024 apros,
388 4951 465 5024 usque
481 4935 514 4983 ad
526 4941 625 5024 tempus
639 4934 707 4984 beati
719 4935 803 5024 'patris
818 4934 898 4983 Μή
914 4944 1020 5021 ΜΨ
1033 4933 1076 5022 qui
1088 4933 1187 4999 quintus
1238 4973 1330 5034 fessor
1343 4973 1452 5032 birinus
1467 4980 1533 5030 ante
1547 4970 1685 5030 thronum
1726 4969 1805 5029 loriae
1824 4979 1882 5028 tuae
1903 4967 1988 5027 nobis
2010 4967 2139 5026 obtineat

290 5027 312 5061 cr
324 5013 349 5062 in
360 5019 506 5078 episcopatu
517 5019 642 5064 successit.
676 5014 727 5076 Qui
738 5014 805 5062 bono
821 5012 875 5062 zelo
886 5012 982 5067 ductus.
995 5011 1096 5076 indigne
1108 5011 1186 5063 ferens
1705 4989 1725 5047 g

290 5096 384 5140 uniam
400 5097 501 5156 tamque
517 5093 652 5156 pretiosam
668 5092 828 5156 margaritam
847 5090 896 5140 loci
914 5089 1012 5139 uilitate
1027 5089 1127 5152 fuscari,
1138 5093 1186 5142 deo
1238 5069 1373 5147 quatinus
1401 5067 1493 5144 ipsius
1523 5065 1661 5126 societate
1689 5063 1869 5142 perfruamur
1897 5064 1928 5122 in
1955 5062 2033 5134 celis,
2056 5063 2137 5122 cuius

291 5169 558 5226 annuente,transtulit
576 5170 639 5219 illud
655 5169 747 5234 in(lol.
762 5171 829 5234 74b)
842 5170 958 5218 Wentam
976 5169 1102 5219 ciuitatem
1117 5176 1143 5219 et
1161 5171 1186 5220 in
1238 5170 1338 5225 sancte
1366 5161 1556 5240 depositionis
1583 5158 1657 5220 festa
1684 5160 1865 5219 celebramus
1891 5159 1922 5216 in
1949 5157 2039 5217 ferris·
2083 5154 2138 5215 Per

290 5247 393 5297 ecclesia
411 5248 540 5298 beatorum
557 5248 729 5314 apostolorum
746 5248 811 5315 petri
827 5255 852 5299 et
871 5247 939 5313 pauli
955 5246 1091 5298 honorifice
1107 5253 1187 5297 tumu-
1238 5257 1384 5318 chfistum,

290 5323 366 5375 huic·
1575 5337 1801 5397 Postcommunr'o.

323 5404 414 5454 Hedda
428 5419 481 5454 was
497 5404 554 5455 fifth
570 5405 662 5494 bishop
679 5405 867 5494 otnorchester
883 5401 1029 5494 (676-701p
1044 5403 1112 5502 'The
1129 5405 1184 5457 MS.
1279 5445 1379 5506 Satiati
1410 5444 1530 5504 domine
1560 5444 1727 5503 muneribus
1755 5443 1845 5503 sacris
1865 5451 1894 5501 te
1914 5460 2073 5519 quesumus
2102 5451 2135 5503 ut

291 5497 349 5545 goes
361 5499 393 5532 on
405 5490 432 5531 to
448 5483 534 5533 record
549 5499 564 5534 u
576 5484 627 5534 snll
643 5482 738 5535 further
750 5483 898 5533 translation
915 5482 944 5532 of
952 5482 988 5532 St.
1000 5483 1098 5532 Brnnus
1118 5481 1186 5546 body
1380 5491 1388 5519 ν
1532 5487 1539 5516 a
1862 5503 1865 5510 .
2074 5487 2082 5514 ,

291 5559 323 5622 by
339 5560 376 5612 st.
394 5561 542 5622 Ernetwold,
561 5562 652 5626 bnhop
669 5561 698 5612 ot
712 5562 875 5620 winchester,
892 5560 1013 5628 9⁶3ng
1028 5567 1056 5612 to
1076 5576 1091 5610 a
1110 5575 1186 5626 grave
1237 5541 1314 5601 beati
1336 5540 1420 5599 birini
1443 5539 1648 5600 intercessione
1672 5555 1690 5596 a
1712 5537 1824 5598 cunctis
1846 5554 1962 5614 semper
1981 5537 2134 5596 liberemur

292 5637 358 5688 close
369 5640 403 5704 by
415 5639 456 5690 the
467 5640 530 5706 high
542 5640 607 5691 altar
618 5640 648 5692 ot
656 5639 711 5691 urat
723 5639 858 5691 cathedrat.
1238 5635 1377 5695 aduersis.
1418 5632 1482 5692 Per.

1281 4421 1462 4482 Humilitatis
1490 4431 1589 4482 nostre
1617 4421 1755 4481 libamina
1777 4419 1870 4480 sancti
1892 4418 1985 4496 byrini
2008 4417 2067 4489 tibi,
2090 4417 2142 4476 do·

1784 5727 1874 5777 ΒΗ
