5116 6608
451 601 524 692 μ
1102 599 1654 687 mmmmm

572 823 625 890 pff,
642 824 703 889 ω.
715 839 777 906 m·
811 822 970 906 Qum„
991 838 1017 888 ᾖ,
1031 823 1130 888 afflans
1146 826 1200 905 tp}
1400 803 1487 876 mine,
1508 815 1655 882 gratanter
1675 823 1800 877 assume,
1821 817 1850 866 et
1870 806 2077 867 intercessione
2096 805 2174 866 beati
2194 807 2297 884 byrini,

1399 899 1490 958 tribue
1504 916 1560 959 nos
1573 901 1604 958 in
1619 909 1719 976 eterna
1731 901 1820 976 letitia
1836 903 1970 979 gaudere.
2012 901 2070 962 Per
2084 900 2246 962 dominum.

488 972 579 1046 Deus,
594 973 646 1050 qui
663 981 829 1031 sanctorum
842 981 960 1030 tuorum
974 970 1082 1030 meritis
1097 969 1250 1030 ecclesiam
1265 981 1346 1030 tuam

449 1076 510 1127 toto
531 1067 602 1126 orbe
620 1066 755 1126 diffusam
777 1065 928 1136 decorasti,
944 1073 1049 1141 presta,
1064 1082 1232 1142 quesumus,
1248 1073 1280 1124 ut
1301 1065 1346 1123 in·
1755 1047 1982 1107 mummuli·

446 1162 623 1222 tercessione
650 1160 809 1219 beatissimi
836 1159 982 1236 pontificis
1010 1159 1051 1217 tui
1080 1159 1188 1232 aidani,
1211 1159 1241 1216 in
1270 1169 1346 1219 sorte
1441 1163 1507 1240 Hec
1525 1183 1581 1226 nos
1601 1167 1780 1240 communio,
1798 1166 1926 1238 domine,
1941 1165 2081 1239 salutaris,
2095 1174 2124 1226 et
2146 1167 2185 1226 ab
2206 1169 2296 1240 omni,

446 1255 587 1316 iustorum
615 1264 665 1316 tua
691 1254 822 1332 optanda
850 1255 956 1333 pietate
986 1270 1168 1313 censeamur.
1210 1253 1266 1312 Per
1294 1254 1345 1313 do·
1398 1278 1566 1337 quesumus,
1580 1261 1753 1321 aduersitate
1774 1261 1926 1331 custodiat,
1941 1270 1970 1320 et
1990 1263 2078 1322 beato
2098 1262 2192 1321 birino
2211 1262 2298 1322 inter-

446 1350 566 1410 minum.
1398 1353 1529 1426 cedente,
1557 1355 1640 1414 cuius
1674 1372 1772 1414 annua
1806 1354 2000 1414 translationis
2028 1354 2101 1415 festa
2133 1355 2297 1428 recolimus,

840 1427 959 1488 Secreta·
1398 1448 1573 1525 sempiterne
1587 1447 1728 1509 felicitatis
1742 1448 1849 1526 gaudia
1862 1449 1948 1509 nobis
1962 1449 2104 1526 adquirat.
2146 1447 2210 1509 Per.

486 1549 601 1622 Oblata,
622 1549 830 1627 dominaque
854 1549 906 1608 tibi
927 1548 1085 1620 offerimus,
1108 1549 1156 1625 pie
1179 1547 1345 1608 deuotionis

444 1645 565 1716 intentu,
594 1646 624 1703 in
655 1645 769 1705 bonore
800 1644 975 1704 sanctissimi
1003 1643 1099 1704 aidani
1127 1643 1265 1720 episcopi,
1296 1654 1345 1704 tua
1471 1659 1473 1662 ·

441 1739 574 1815 preclara
599 1738 752 1799 clementia
779 1737 947 1810 sanctificet,
975 1747 1004 1797 et
1031 1737 1198 1815 purificatos
1226 1755 1282 1797 nos
1309 1756 1344 1797 ea
1452 1731 1549 1799 illillli.
1563 1734 1601 1798 tt.
1615 1749 1676 1815 πμ.
1718 1732 1894 1798 translatis
1915 1749 1942 1798 s.
1964 1732 2123 1809 atbtluttffli
2145 1735 2239 1817 epist}

443 1835 591 1911 percipere
602 1844 652 1894 tua
666 1832 751 1894 iaciat
766 1833 859 1910 gratia
873 1833 903 1892 in
915 1832 1054 1893 omnibns
1064 1833 1173 1910 ubique
1187 1831 1342 1892 laudanda.
1668 1869 1738 1932 σου.
1754 1866 1800 1953 [as
1815 1871 1845 1930 in
1860 1870 1891 1944 Ζ,
1907 1888 1935 1948 ρ,
1952 1866 2032 1953 287}

443 1925 507 1987 Per·
781 2009 1011 2070 postcommum
1670 2005 1730 2066 Sec.
1745 2001 1790 2087 [as
1804 2007 1835 2065 in
1850 2004 1882 2078 Z,
1896 2024 1925 2083 p.
1942 2001 2024 2088 ²⁸7]-

484 2127 608 2200 Satiatis,
627 2127 755 2200 domine,
780 2146 933 2186 munerum
954 2137 1072 2187 tuorum
1096 2127 1183 2187 donis
1204 2125 1342 2186 auxilium
1716 2137 1852 2198 Portcom.
1868 2132 1984 2220 [deest].

440 2223 533 2300 gratie
561 2232 609 2297 tue
637 2233 755 2298 rogatus
783 2223 929 2299 impende,
952 2231 982 2281 et
1010 2221 1125 2280 auribus
1153 2231 1201 2296 tue
1229 2221 1343 2299 pietatis

442 2326 557 2376 nostras
578 2317 745 2376 miserando
767 2335 868 2394 preces
889 2316 1032 2394 benignus
1053 2315 1167 2388 exaudi,
1182 2324 1214 2374 ut
1235 2316 1343 2374 meritis

441 2411 533 2471 sancti
557 2411 679 2489 presulis
704 2411 800 2470 aidani
822 2422 851 2470 et
871 2412 1078 2471 intercessione
1100 2411 1198 2484 adiuti,
1217 2411 1248 2469 in
1269 2411 1344 2471 elec·
1656 2440 1735 2507 Nat·
1755 2456 1784 2507 9·
1800 2439 1978 2518 ”mmm
1999 2445 2054 2522 m,

440 2515 538 2566 torum
562 2515 677 2567 tuomm
704 2523 826 2566 numero
855 2515 954 2580 eterna
981 2507 1013 2564 in
1040 2505 1139 2580 secula
1162 2523 1341 2565 censeamur.

439 2598 502 2658 Per.
1437 2575 1528 2646 Deus,
1543 2577 1593 2653 qui
1613 2575 1784 2637 bodiemam
1798 2575 1877 2635 diem
1897 2577 1927 2635 in
1945 2576 2022 2636 beati
2043 2575 2220 2637 atheluuoldi
2235 2579 2297 2656 epi·

1396 2671 1478 2747 scopi
1504 2671 1627 2731 transitu
1653 2672 1740 2732 nobis
1768 2670 1969 2731 honorabilem
1993 2671 2142 2743 dedicasti,
2165 2672 2297 2733 concede

531 2766 585 2832 llll.
598 2784 666 2834 nan,
682 2783 743 2849 sip.
777 2766 955 2832 translatis
975 2783 1003 2832 s.
1018 2765 1178 2844 cuthberhti
1192 2769 1248 2849 sp?
1395 2764 1545 2842 propitius,
1560 2774 1593 2823 ut
1606 2765 1688 2824 cuius
1707 2765 1868 2824 eruditione
1882 2765 2008 2824 ueritatis
2024 2773 2074 2840 tue
2095 2765 2160 2826 luce
2178 2765 2297 2843 periun-

1394 2857 1498 2930 dimur,
1524 2858 1586 2918 eius
1610 2858 1817 2918 intercessione
1842 2858 1956 2934 celestis
1979 2860 2038 2934 uite
2060 2860 2169 2937 gaudia
2192 2878 2296 2922 conse·

479 2912 618 2990 Pr0tegat
641 2931 705 2986 nos,
728 2911 856 2984 domine,
880 2931 1049 2991 quesumus,
1077 2913 1154 2971 beati
1178 2911 1342 2972 cuthberhti
1394 2969 1527 3029 quamn
1570 2951 1625 3012 Per
1645 2953 1808 3011 domium

438 3005 615 3066 confessoris
638 3007 679 3066 tui
707 3017 796 3084 atque
825 3006 973 3084 pontificis
998 3007 1240 3066 commemoratio
1264 3007 1340 3066 salu-

437 3101 513 3174 taris,
532 3111 563 3161 ut
584 3102 646 3161 eius
665 3101 826 3178 patrocinia
845 3101 908 3160 sine
931 3101 1146 3161 intermissione
1166 3101 1339 3176 recolentes,
1784 3109 1903 3172 Secreta,

437 3205 607 3273 perpetuam
622 3195 823 3254 defen⁵i⁰¹¹em
837 3196 1004 3254 mamus·
1047 3194 1114 3254 Per·
1433 3230 1540 3292 Oblata
1559 3230 1703 3291 seruitutis
1720 3240 1819 3305 nostre
1833 3248 1955 3290 munera
1969 3230 2029 3303 tibi,
2044 3230 2173 3306 domine,
2188 3250 2294 3311 quesu-

1391 3343 1465 3399 mus,
1494 3343 1593 3384 annua
1623 3325 1715 3384 saneti
1747 3323 1925 3384 atheluuoldi
1955 3325 2088 3403 episcopi
2116 3325 2294 3387 sollemnitas

836 3472 842 3484 .
1101 3471 1107 3484 .
1153 3471 1158 3486 .
1202 3473 1207 3485 .
1281 3473 1288 3486 .
1391 3419 1579 3480 commendet
1600 3428 1729 3496 accepta,
1744 3427 1776 3478 ut
1796 3419 1858 3478 eius
1877 3419 1927 3495 pia
1944 3419 2157 3496 supplicatione
2180 3423 2294 3494 muniti,

478 3469 609 3549 Accepta
623 3472 673 3530 tibi
688 3471 892 3543 smt,dom1ne,
907 3481 1006 3545 nostre
1020 3469 1175 3532 oblatroms
1190 3472 1337 3547 hbamrna,
1390 3523 1563 3574 cunctorum
1597 3524 1762 3572 nostrorum
1797 3513 1998 3572 remissionem
2033 3523 2227 3589 peccam,
2263 3527 2294 3576 et

436 3583 494 3642 qul
521 3566 571 3623 tibi
600 3565 807 3671 immendent
842 3566 933 3624 sancti
965 3564 1125 3624 cuthberhti
1159 3565 1337 3627 ⁰⁰¹¹fe⁸⁸⁰¹i⁵
1389 3607 1576 3670 beatitudinis
1593 3607 1769 3686 sempiterne
1782 3624 1945 3666 mereamur
1959 3607 2090 3667 obtinere
2104 3610 2293 3670 consortium.

436 3670 522 3736 atque
537 3659 682 3736 pontificis
696 3659 837 3718 continua
850 3660 960 3719 merita.
1002 3658 1059 3718 Per
1073 3659 1234 3720 dominnm.
1388 3702 1451 3762 Per·
1535 3681 1538 3688 ¹

828 3352 949 3413 Secreta.

769 3819 1001 3880 Postcmmum'o,
1725 3782 1954 3842 postcommunio.

1430 3901 1576 3973 Reiectos,
1587 3901 1714 3974 domine,
1724 3900 1818 3961 uitalis
1832 3901 1970 3976 alimonie
1985 3903 2182 3974 sacramentis,
2197 3905 2291 3964 sancti

1388 3995 1563 4056 confessoris
1591 3995 1632 4054 tui
1660 3994 1838 4054 atheluuoldi
1868 4005 1956 4072 atque
1987 3994 2133 4072 pontificis
2161 3997 2292 4075 gloriosa

1388 4089 1594 4150 intercessione
1609 4106 1665 4148 nos
1676 4099 1806 4165 protege,
1817 4098 1846 4146 et
1860 4087 1897 4147 ad
1912 4098 2044 4161 eternum
2059 4091 2174 4164 celestis
2186 4109 2291 4167 mense

1388 4184 1556 4246 conuiuium
1570 4183 1722 4261 peruenire
1735 4199 1898 4243 mereamur
1912 4183 2051 4243 concede.
2094 4183 2157 4246 Per.

475 3937 567 4010 Dens,
582 3939 632 4014 qui
653 3947 822 3998 sanctorum
842 3947 960 3997 tuorum
980 3936 1103 3997 libenter
1118 3939 1239 4016 suscipis
1257 3951 1335 4012 uota,

434 4023 630 4092 intercedente
641 4031 728 4091 beato
738 4030 910 4091 cuthberhto
920 4031 1089 4090 confessore
1100 4041 1152 4092 tuo
1163 4043 1249 4109 atque
1260 4052 1335 4110 pon-

434 4125 519 4197 tifice,
541 4125 679 4184 familiam
700 4136 789 4197 tuam,
803 4143 972 4202 quesumus,
994 4124 1123 4198 domine,
1144 4127 1336 4188 miserationis

434 4231 483 4295 tue
499 4221 617 4280 dextera
630 4238 746 4297 semper
760 4230 789 4280 et
802 4220 910 4298 ubique
925 4229 1055 4297 protege.
1098 4220 1161 4279 Per.

579 4436 695 4523 [Eodem
709 4435 776 4524 dm]
818 4435 993 4502 &tanslatio
1014 4453 1042 4503 s.
1055 4438 1174 4520 basisti
1505 4485 1588 4552 um.
1606 4502 1654 4566 εἷ.
1683 4485 1799 4564 mm
1816 4487 1940 4550 „mm
1956 4487 2035 4564 τῷ,
2053 4491 2081 4550 η
2096 4489 2194 4552 me

471 4585 563 4660 Deus,
574 4589 623 4665 qni
638 4605 692 4648 uos
706 4587 873 4647 ueneranda
887 4588 1047 4649 festiuitatis
1060 4588 1202 4664 hodierne
1216 4590 1334 4648 sollem·
1428 4617 1627 4698 Omnipotens
1661 4619 1835 4696 sempiterne

432 4681 481 4740 nia
500 4682 530 4739 in
547 4683 624 4740 beati
639 4682 814 4742 confessoris
829 4684 869 4742 tui
884 4693 970 4760 atque
985 4683 1131 4760 pontificis
1146 4683 1334 4743 translatione

432 4775 525 4852 byrini
555 4776 698 4836 celebrare
730 4775 832 4849 fecisti,
860 4776 991 4836 concede
1020 4777 1163 4855 propitius
1188 4778 1250 4836 eius
1278 4797 1334 4838 nos

432 4869 511 4946 apud
526 4879 554 4928 te
574 4871 735 4948 patrocinio
756 4888 873 4947 semper
887 4871 1027 4944 adiuuari,
1042 4872 1124 4932 cuius
1145 4882 1247 4931 sancta
1269 4891 1334 4950 pre-

432 4962 577 5023 dicatione
606 4965 799 5041 cognouimus
827 4972 976 5023 auctorem
1004 4965 1101 5024 salutis
1129 4975 1236 5041 eterne.
1279 4966 1335 5026 Per

432 5057 585 5117 dominum
600 5069 733 5118 nostrum
747 5057 859 5118 ihesum
873 5058 1012 5118 christum
1027 5059 1118 5117 filiurn
1133 5068 1225 5120 tuum.
1776 5058 1893 5119 Secreta

1870 4619 1950 4691 deus,
1979 4621 2029 4697 qui
2058 4620 2172 4682 donasti
2199 4622 2289 4682 beato

1387 4714 1530 4774 osuualdo
1558 4715 1620 4792 regi
1647 4715 1770 4791 gloriam
1792 4724 1905 4788 terrene
1929 4716 2082 4792 potestatis
2105 4715 2135 4773 in
2157 4715 2289 4775 diuinum

1387 4820 1554 4869 conuertere
1577 4827 1717 4881 amorem,
1741 4809 1894 4879 danobis,
1919 4827 2087 4885 quesumus,
2111 4809 2172 4870 eius
2199 4812 2288 4870 inter-

1387 4904 1529 4976 cessione,
1545 4904 1575 4963 in
1590 4903 1631 4962 tui
1645 4903 1772 4962 nominis
1787 4919 1886 4961 amore
1901 4903 2004 4979 iugiter
2018 4921 2195 4980 permanere.
2221 4903 2286 4964 Per.

825 5215 944 5276 Secreta.

474 5333 598 5395 Munera
612 5353 670 5412 que
685 5346 733 5410 tue
754 5335 910 5396 deserimus
930 5335 1081 5408 maiestati,
1096 5355 1263 5415 quesumus,
1279 5337 1334 5398 do·
1418 5327 1429 5436 ζ
1445 5328 1595 5456 {31:22²
1608 5325 2288 5472 Nffiynffilszzs'fflszlzcfflffliffigi'hm

513 5484 522 5514 ¹
540 5486 597 5535 Fol.
610 5485 656 5534 116
667 5486 693 5536 b.
1386 5484 1430 5535 the
1446 5491 1543 5550 present
1559 5483 1658 5534 Collect
1675 5499 1761 5534 occurs
1777 5499 1805 5534 as
1822 5500 1853 5534 an
1871 5483 2017 5535 alternative
2034 5484 2141 5544 Collect,
2158 5485 2185 5534 in
2202 5500 2217 5535 a
2236 5485 2287 5535 less

512 5561 523 5591 ¹
539 5563 594 5613 Ful.
611 5563 691 5628 1171).
726 5565 752 5614 A
762 5562 876 5616 different
887 5563 956 5616 Mass
969 5565 990 5616 is
1002 5565 1075 5630 giren
1088 5564 1113 5614 in
1123 5563 1148 5628 S,
1161 5581 1187 5632 p.
1201 5565 1256 5632 ⁸9³·
1387 5571 1483 5614 correct
1495 5562 1568 5614 form.

513 5639 522 5666 ³
539 5640 594 5693 Fol.
606 5643 683 5692 tria.
1420 5641 1502 5693 ⁸Fol.
1517 5656 1563 5707 123
1572 5659 1595 5694 a.
1627 5641 1748 5693 Different
1760 5641 1857 5692 Messes
1868 5657 1942 5693 occur
1953 5642 1978 5692 in
1989 5641 2014 5704 S,
2027 5657 2052 5708 p.
2065 5641 2128 5708 ⁸403
2147 5641 2175 5703 Z,
2187 5656 2213 5706 p.
2228 5643 2286 5708 ²87.

1427 5179 1597 5241 Benedictio
1615 5189 1672 5251 tua,
1690 5179 1818 5250 domine,
1833 5196 2000 5256 quesumus,
2015 5179 2096 5257 larga
2116 5179 2286 5252 descendat,
