5116 6608
560 562 699 650 stilti&
717 561 908 638 ormam.
1534 565 1672 650 ,tuisse
1690 565 1882 642 domiuus.
2079 587 2150 660 247

693 763 788 830 Alia.
1246 765 1330 830 catis
1353 776 1485 845 exeant,
1501 775 1534 832 et
1557 768 1700 834 caelestis
1715 768 1794 834 uitae
1809 771 1923 854 uigore
1943 769 2151 838 confirment.

335 889 428 954 Tuus
443 899 494 954 est
509 889 591 966 dies,
606 887 750 967 domine,
766 897 799 952 et
814 896 873 953 tua
889 895 939 952 est
954 907 1032 966 nox,
1048 887 1193 952 concede
1246 864 1310 930 Pes
1324 865 1520 932 dominum

291 989 396 1054 solem
412 989 546 1054 iustitiae
565 1007 759 1071 permanere
779 987 813 1050 in
833 985 987 1051 cordibus
1003 985 1133 1062 nostris,
1149 988 1192 1052 ad

291 1088 498 1174 repellandas
531 1087 684 1153 tenebras
721 1086 959 1170 cogitationum
998 1085 1192 1170 iniquarum.
1546 1087 1626 1154 lltmt
1646 1089 1705 1154 atta
1721 1085 1854 1174 [missal

292 1189 353 1253 Ρθῐ
362 1187 384 1252 ¹·
697 1272 789 1338 Alia·
1292 1229 1490 1314 Quesumus,
1520 1235 1731 1320 omnipotens
1764 1237 1856 1310 deus,
1886 1245 1924 1302 ut
1961 1238 2056 1322 plebs
2089 1239 2150 1305 tibi

1248 1337 1321 1395 toto
1348 1334 1448 1397 corde
1477 1334 1676 1412 deseruiens,
1704 1346 1738 1402 et
1763 1336 1924 1403 beneficia
1948 1347 2007 1404 tua
2031 1339 2150 1423 iugiter

335 1399 478 1466 Oramus
497 1407 540 1478 te,
562 1396 698 1462 domine
722 1397 803 1462 deus
827 1405 947 1475 noster,
969 1405 1007 1460 ut
1028 1397 1113 1461 sicut
1135 1415 1194 1482 per
1247 1438 1412 1496 mereatu,
1434 1440 1469 1497 et
1490 1453 1618 1517 pacem·
1664 1436 1751 1501 perp

290 1501 432 1584 gratiam
455 1508 547 1563 tuam
569 1497 637 1563 laeti
660 1497 818 1562 duximus
841 1495 930 1560 diem
953 1496 1054 1561 istum
1080 1515 1194 1573 secun,

290 1599 336 1665 sic
366 1607 498 1663 noctem
529 1598 563 1662 in
592 1605 650 1662 tuo
681 1596 814 1660 nomine
846 1595 1075 1679 transigamus.
1131 1594 1195 1659 Per
1630 1611 1770 1679 Secreta,

289 1699 471 1765 dominum.
696 1782 790 1847 Alia·
1291 1731 1437 1818 suscipe,
1454 1756 1642 1818 quesumus,
1663 1739 1807 1818 domine,
1828 1740 1972 1806 hostiam
1996 1744 2146 1827 redemp-

423 1908 430 1923 ,
853 1905 896 1921 ..
1045 1907 1053 1922 ,
1112 1905 1120 1920 ¹
1168 1905 1176 1919 ,
1246 1833 1345 1899 tionis
1367 1835 1521 1917 humane,
1537 1847 1573 1904 et
1594 1838 1735 1904 salutem
1759 1840 1854 1906 nobis
1877 1842 1998 1907 mentis
2019 1851 2054 1908 ct
2077 1863 2147 1909 cor-

333 1910 524 1992 Proprtiare‚
546 1907 689 1983 domine,
719 1915 914 2020 uespertinis
944 1905 1193 2020 supplicationi·
1245 1935 1333 2016 poris
1348 1956 1484 2019 operare
1499 1938 1657 2021 placatus·
1703 1939 1790 2004 pen,

289 2011 352 2074 bus
374 2007 514 2086 nostris;
538 2015 572 2072 et
589 2006 640 2072 fac
660 2025 720 2070 nos
741 2025 812 2070 sme
827 2005 895 2071 ullo
910 2015 1004 2070 reatu
1020 2015 1191 2070 matutinis

290 2112 350 2176 tibi
387 2110 542 2174 laudibus
579 2108 780 2193 praesentari.
837 2105 900 2171 Per
928 2107 1100 2172 dominum
1132 2127 1190 2171 no·
1547 2105 1848 2196 Adcomplendur'n.

289 2219 394 2276 strum
403 2206 424 2270 ²·
1288 2238 1351 2317 Da,
1367 2258 1556 2320 quesumus,
1574 2241 1784 2324 omnipotens
1806 2242 1897 2318 deus,
1914 2251 1951 2307 ut
1974 2243 2147 2326 mysterio-

695 2293 787 2358 ΑΜ·
1243 2358 1316 2402 rum
1332 2337 1455 2403 uirtute
1470 2339 1589 2419 satiati,
1605 2339 1675 2404 uita
1689 2350 1803 2407 nostra
1817 2341 1973 2407 firmetur.
2019 2343 2107 2409 Pera

334 2422 437 2497 Deus,
460 2418 517 2504 qui
536 2417 626 2484 diem
649 2418 808 2482 discernis
833 2439 854 2482 a
881 2427 986 2497 nocte,
1009 2425 1103 2482 actus
1133 2437 1192 2482 no·

289 2533 374 2588 stros
396 2542 416 2585 a
439 2518 648 2585 tenebrarum
664 2517 829 2602 distingue
844 2519 992 2602 caligine,
1008 2528 1045 2583 ut
1061 2537 1192 2602 semper

290 2643 364 2706 quae
388 2629 504 2684 sancta
529 2627 606 2682 sunt
630 2617 829 2682 meditantes
846 2617 879 2680 in
901 2627 959 2683 tua
983 2617 1102 2701 iugiter
1119 2618 1192 2682 luce
1540 2621 1620 2687 lton
1640 2623 1699 2687 alia
1720 2621 1852 2711 [missal

289 2723 448 2786 uiuamus.
493 2718 556 2782 Per
566 2715 587 2780 ³.
1888 2769 1896 2784 .
2073 2774 2107 2788 ..

1289 2772 1385 2854 Rege
1414 2779 1554 2846 nostras,
1586 2790 1774 2853 quesumus,
1806 2770 1948 2850 domme,
1985 2782 2147 2856 propitius

1244 2870 1443 2951 uoluntates,
1459 2881 1496 2936 ut
1516 2891 1576 2936 nec
1597 2871 1736 2955 propriis
1756 2871 1984 2954 iniquitatibus
2000 2874 2147 2958 implice-

335 2960 489 3043 ilnriptunt
505 2957 651 3024 natans
669 2957 822 3022 rotularis
836 2957 938 3022 ninus
955 2959 992 3020 au
1009 2956 1142 3022 musam.
1244 2993 1325 3052 mur,
1341 2992 1401 3037 nec
1416 2972 1599 3036 subdamur
1613 2968 1737 3035 alienis
1786 2972 1871 3036 Peru

331 3109 503 3192 Perpetua,
534 3123 721 3188 quesumus,
759 3103 902 3183 domine,
939 3123 1022 3187 pace
1060 3103 1190 3169 custodi

288 3228 370 3291 quos
386 3209 418 3271 in
434 3216 468 3272 te
483 3224 615 3289 sperare
630 3205 772 3270 donasti.
818 3203 880 3269 Per
895 3203 1091 3269 dominumr

1624 3143 1764 3210 Secreta.

1284 3273 1359 3337 Tua
1391 3280 1601 3337 sacramenta
1630 3293 1700 3352 nos,
1726 3272 1817 3349 deus,
1842 3274 2082 3358 circumtegant
2113 3285 2147 3341 et

668 3368 808 3435 Secreta.
1241 3371 1430 3448 reforment,
1454 3370 1620 3454 simulque
1643 3371 1738 3436 nobis
1757 3373 1940 3456 temporale
1963 3375 2146 3440 remedium

326 3499 458 3564 Adesto
488 3495 592 3574 nobis,
622 3515 812 3577 quesumus,
842 3495 984 3572 domine,
1010 3503 1044 3560 et
1074 3515 1189 3578 preces
1241 3474 1410 3539 0⁰¹¹ses²¹¹l
1426 3481 1460 3538 et
1475 3481 1646 3536 aelemum·
1691 3471 1779 3536 Per!

286 3608 414 3664 nostras
443 3597 607 3680 benignus
633 3595 767 3670 exaudi,
795 3605 832 3659 ut
857 3596 947 3678 quod
974 3594 1091 3660 fidutia
1121 3617 1187 3660 non
1534 3647 1596 3712 Ad
1611 3647 1839 3731 complendum·

283 3699 385 3764 habet
413 3696 605 3761 meritorum
641 3694 786 3776 placatio
816 3694 967 3760 obtineat
996 3694 1187 3761 hostiarum.

285 3797 370 3863 Pers
1284 3775 1359 3840 Tua
1374 3786 1489 3841 sancta
1504 3774 1607 3851 nobis,
1619 3774 1829 3858 omnipotens
1840 3776 1932 3852 deus,
1942 3796 2017 3859 quae
2032 3799 2145 3863 sump-

583 3878 645 3943 Ad
657 3880 883 3963 complendum.
1240 3875 1352 3955 simus,
1378 3885 1413 3941 et
1442 3875 1685 3959 indulgentiam
1719 3875 1889 3958 prebeant,
1919 3885 1953 3940 et
1983 3879 2144 3944 auxilium

326 4009 489 4094 Mysteria
516 4025 577 4070 nos
606 4015 729 4082 sancta,
755 4006 899 4084 domine,
925 4014 960 4071 et
985 4005 1187 4089 spiritalibus
1239 3986 1410 4061 ΡθῐὶκωῑΕ
1424 3969 1623 4041 d0s0¹¹⁸10¹¹l³
1638 3975 1841 4058 impendant·
1888 3976 1973 4041 Per-l

283 4110 442 4193 expleant
486 4104 662 4186 alimentis,
699 4115 734 4170 et
770 4104 996 4189 corporalibus
1033 4114 1188 4171 tueantur

283 4209 422 4274 auxiliis.
457 4207 555 4274 Per·⁷·
1536 4251 1616 4318 liunt
1636 4199 1849 4339 attelabus}

574 4414 653 4479 qum
673 4413 734 4477 3112
755 4412 889 4496 [mim]
1284 4385 1487 4471 Comprime,
1504 4407 1693 4471 quesumus,
1709 4387 1853 4468 domine,
1871 4385 1990 4452 noxios
2012 4407 2143 4472 semper

1053 4559 1061 4574 ι
1146 4559 1153 4574 ι
1239 4486 1398 4564 incursus,
1422 4497 1457 4551 et
1486 4487 1667 4552 salutarem
1690 4489 1896 4572 temporibus
1923 4486 2042 4552 uostris
2067 4509 2143 4571 pro-

325 4565 460 4630 Exaudi
485 4585 554 4644 nos,
581 4561 765 4628 misericors
795 4564 886 4640 deus,
912 4569 946 4626 ct
972 4568 1185 4625 continentiae
1237 4587 1338 4670 pitius
1353 4587 1397 4651 da
1413 4587 1568 4670 quietem·
1614 4587 1700 4652 Pers

283 4664 433 4730 salutaris
447 4663 610 4748 propitius
626 4663 723 4728 nobis
737 4663 826 4727 dona
842 4661 998 4726 concede.
1043 4659 1130 4724 Pers

1621 4763 1761 4829 Secreta.

665 4823 806 4889 Secreta.

1281 4893 1322 4957 In
1351 4901 1411 4958 tuo
1442 4902 1631 4976 conspectu,
1663 4895 1808 4969 domine,
1838 4913 2027 4976 quesumus,
2061 4893 2141 4959 talia

1236 4999 1348 5054 nostra
1370 4991 1436 5053 sint
1459 5009 1603 5067 munera,
1619 5011 1684 5074 que
1699 5000 1733 5055 et
1754 4990 1884 5073 placere
1898 4998 1932 5054 te
1948 4990 2090 5070 ualeant,
2107 4999 2140 5055 et

1237 5115 1298 5158 nos
1312 5093 1373 5158 tibi
1388 5093 1518 5177 placere
1533 5093 1714 5178 perficiant.
1760 5093 1847 5158 Pers

326 4954 465 5020 Hostias
481 4954 541 5019 tibi
549 4951 571 5034 ¹,
581 4953 725 5032 domine,
734 4952 862 5036 suscipe
878 4950 1030 5034 placatus
1045 4949 1184 5028 oblatas,

282 5076 345 5138 que
367 5065 401 5121 te
424 5054 662 5120 sanctificando
686 5053 781 5117 nobis
807 5052 990 5117 efficiantur
1011 5050 1183 5116 salutares.

344 5166 367 5216 ‚r

283 5155 343 5220 Per
575 5237 636 5302 ⁴41²
646 5237 875 5321 ‘mimm-
1528 5266 1591 5331 Ad
1607 5267 1834 5350 cauponum.

324 5365 449 5432 sancta
470 5373 528 5430 tua
550 5383 621 5440 Μ’
640 5363 783 5444 d⁰ml¹¹e⁵
798 5382 988 5447 quesumus’
1008 5371 1041 5428 et
1064 5383 1084 5429 ²
1106 5383 1184 5448 pec·
1280 5392 1457 5470 Cotidiani,
1484 5413 1673 5478 quesumus,
1698 5393 1840 5470 domine,
1866 5413 2002 5459 munere
2031 5413 2138 5459 sacra·

283 5477 1183 5598 TGffi———ffi—
1236 5495 1339 5559 menti
1361 5503 1521 5580 perpetue
1543 5493 1638 5559 nobis
1658 5493 1768 5558 tribue
1782 5493 1898 5559 salutis
1911 5505 2138 5579 augmentum.

313 5609 393 5662 ¹001.
406 5626 431 5676 p.
446 5619 509 5677 744;
526 5609 558 5661 V.
571 5625 596 5675 p.
610 5621 665 5676 ²59·
875 5606 926 5659 *ψ
944 5623 1085 5673 quesumus,
1098 5607 1130 5660 V.
1235 5595 1322 5659 Pet.⁷
