5148 6612
640 594 812 690 malmsb.
1511 607 1817 692 wununbsbnas.

316 798 458 880 Reliquiae
473 799 573 860 Sancti
587 798 694 860 odonis
708 800 849 878 episcopi.
1270 801 1350 864 Ossa
1363 813 1463 866 sancte
1476 805 1621 867 balthildis
1635 817 1666 867 et
1681 805 1787 882 Sancte
1801 807 1955 886 genouei'e.

313 895 456 974 Reliquiae
472 893 639 955 Winuualoi
654 895 840 957 confessoris.
1270 896 1414 976 Reliquiae
1429 897 1538 975 Sancte
1551 900 1675 977 leonille.

314 991 456 1069 Reliquiae
472 988 572 1051 Sancti
586 988 718 1051 Winardi
733 991 919 1052 confessoris.
1269 992 1413 1070 Reliquiae
1428 992 1534 1070 Sancte
1548 1014 1691 1072 morcnnq
1705 995 1835 1074 uirginis.

311 1086 359 1147 De
372 1085 494 1146 brachio
508 1085 606 1145 Sancti
621 1086 729 1146 dioneti
744 1086 885 1166 episcopi.
1268 1087 1315 1147 De
1331 1085 1439 1148 Sancta
1453 1088 1568 1166 alfgiua

309 1181 356 1241 De
370 1180 491 1241 brachio
506 1179 607 1242 Sancti
620 1181 751 1258 ipotemii
766 1180 952 1242 confessoris.
1269 1181 1411 1259 Reliquiae
1425 1182 1532 1258 Sancte
1547 1184 1702 1262 sigeburge
1715 1185 1846 1264 uirginis.

310 1275 466 1337 Brachium
481 1275 582 1337 Sancti
595 1276 733 1337 uuennali
747 1275 933 1338 confessoris.
1267 1275 1314 1336 De
1329 1276 1472 1337 uelamine
1487 1277 1594 1354 Sancte
1607 1279 1723 1356 Agathe
1736 1280 1858 1358 uirginis
1872 1280 1915 1362 (et
1928 1282 2032 1344 dentes
2047 1285 2132 1368 eius.)

310 1369 368 1450 (De
381 1370 500 1448 planeta
514 1379 543 1430 et
556 1370 656 1430 tunica
668 1381 698 1430 et
712 1372 837 1432 crismali
852 1371 945 1432 sancti
959 1369 1071 1448 remigii
1082 1369 1113 1450 ¹.)
1268 1370 1412 1448 Reliquiae
1426 1383 1527 1433 sancte
1537 1372 1636 1448 cecilie
1651 1383 1681 1433 et
1695 1383 1794 1434 sancte
1809 1375 1916 1454 aligiue
1925 1377 1944 1437 ¹.

308 1462 466 1544 (Reliquiae
480 1466 572 1525 sancti
586 1465 708 1542 liudgeri
724 1465 856 1543 episcopi
864 1463 897 1544 ¹.)
1266 1461 1401 1543 (Maxilla
1415 1466 1523 1542 Sancte
1538 1466 1657 1546 Brigide
1671 1466 1814 1547 uirginis.)

308 1557 464 1637 Decapite
478 1559 559 1619 etde
573 1559 695 1620 brachio
711 1559 811 1620 Sancti
825 1560 972 1620 conocani
986 1558 1172 1620 confessoris.
1267 1559 1325 1620 His
1345 1562 1484 1639 exceptis,
1506 1561 1630 1640 plurime
1651 1561 1706 1638 alie
1728 1563 1767 1620 ibi
1787 1563 1932 1626 habentur
1959 1579 2129 1630 sanctorum

309 1654 452 1733 Reliquiae
467 1655 629 1733 Designati
1225 1653 1343 1732 reliquie
1364 1674 1496 1733 quarum,
1511 1657 1580 1734 quia
1601 1674 1662 1716 non
1684 1656 1850 1720 inuenimus
1871 1661 1993 1721 nomina
2013 1664 2128 1742 scripta,

308 1748 353 1809 De
381 1750 497 1811 ossibus
526 1749 568 1830 (et
596 1747 720 1830 capillis)
748 1761 777 1811 et
805 1750 842 1812 de
870 1751 1051 1812 uestimentis
1079 1753 1172 1813 sancti
1224 1767 1282 1828 que
1296 1751 1566 1826 sint'ignoramus'.

271 1843 379 1920 petroci
394 1842 579 1905 contessoris.
1264 1843 1355 1917 Deus,
1370 1846 1452 1906 cuius
1473 1846 1608 1906 claritatis
1623 1844 1736 1925 fulgore
1757 1848 1859 1908 beatus
1880 1849 2026 1911 michahel
2046 1851 2128 1912 arch-

308 1939 400 2000 Costa
414 1939 516 2002 Sancti
530 1943 599 2001 auiti
614 1941 797 2003 confessoris.
1223 1940 1345 2018 angelus
1365 1941 1494 2017 precellit
1516 1941 1682 2017 agminibus
1703 1942 1883 2019 angelorum,
1899 1954 2004 2021 presta,
2020 1964 2127 2023 quesu-

308 2034 450 2114 Reliquiae
465 2037 557 2097 sancti
572 2037 692 2113 remigii.
1223 2053 1298 2109 mus,
1307 2045 1339 2094 ut
1349 2036 1423 2094 sicut
1437 2035 1483 2095 ille
1496 2036 1577 2096 dono
1589 2045 1642 2096 tuo
1653 2035 1849 2113 principatum
1859 2040 1965 2098 meruit
1974 2040 2127 2116 possidere

307 2129 353 2190 De
368 2148 492 2208 corpore
508 2130 606 2191 Sancti
621 2131 719 2190 aniani
733 2130 873 2208 episcopi.
1223 2128 1369 2201 celestem,
1384 2131 1424 2189 ita
1445 2149 1500 2192 nos
1518 2130 1581 2190 eius
1598 2131 1734 2208 precibus
1748 2131 1840 2190 uitam
1854 2133 2041 2210 optineamus
2054 2145 2128 2210 eter-

307 2223 351 2283 De
367 2243 491 2302 corpore
506 2224 607 2285 Sancti
621 2226 772 2286 maximini
787 2225 972 2286 confessoris.
1223 2241 1301 2283 nam.
1343 2222 1406 2283 Per.

305 2317 351 2378 De
365 2331 559 2380 monumento
574 2319 674 2381 Sancti
689 2315 892 2404 W[u]lframni
907 2321 1045 2400 episcopi.
1435 2340 1546 2415 ΝΜ
1565 2346 1600 2406 g,
1620 2346 1724 2406 mm
1745 2341 1908 2418 mstbgbglq

306 2411 364 2492 (De
379 2425 482 2475 sancto
497 2415 646 2475 Wernoco
662 2411 855 2492 confessore.)

306 2506 448 2586 Reliquiae
463 2509 562 2570 Sancti
576 2511 769 2588 quonoquani
783 2508 970 2570 confessoris.

304 2601 381 2663 Ossa
395 2602 494 2663 Sancti
508 2599 654 2686 melani[i]
668 2604 852 2666 confessoris.

303 2696 350 2756 De
363 2715 487 2776 corpore
502 2699 602 2760 Sancti
616 2697 983 2772 Withenociconfessoris.

303 2789 348 2851 De
363 2810 486 2871 corpore
501 2792 602 2854 Sancti
616 2795 724 2853 maeoti
739 2792 924 2855 contessoris.

304 2884 445 2963 Reliquiae
459 2887 559 2948 Sancti
574 2887 752 2949 Tuduuuali.
1608 2893 1729 2955 Secreta.

302 2978 348 3040 De
363 2983 455 3060 diffiiO
472 2982 572 3043 Sancti
585 2982 746 3044 hi0¹⁰¹limi·
1261 3003 1371 3066 Munus
1392 3015 1532 3077 nostrum,
1554 3023 1721 3083 quesumus,
1743 3005 1873 3078 domine,
1894 3004 2052 3082 dignantur
2075 3025 2122 3068 as·

304 3072 446 3153 Reliqlfiae
462 3075 560 3138 Sancti
574 3079 710 3157 ἕῐθέθῐῑῑ,
1219 3116 1311 3173 sume,
1340 3100 1421 3178 quod
1449 3100 1558 3160 meritis
1586 3110 1615 3159 et
1645 3099 1854 3189 intercessione
1881 3097 2047 3176 archangeli
2081 3103 2122 3160 tui

304 3167 446 3248 Reliquiae
462 3169 560 3232 Sancti
575 3172 722 3232 ualelissnl·
1218 3193 1387 3255 michahelis
1402 3195 1438 3254 sit
1449 3193 1499 3254 tibi
1511 3193 1699 3272 acceptabile,
1709 3203 1738 3253 et
1748 3193 1834 3253 nobis
1845 3193 2035 3272 propitiabile.
2057 3192 2121 3255 Per.

304 3261 443 3342 Reliquiae
459 3265 558 3327 Sancti
571 3267 728 3344 uuigenoci
743 3265 928 3326 contessoris.

302 3356 347 3418 De
361 3358 518 3438 sepulchro
534 3359 632 3422 Sancti
648 3360 804 3421 Simeonis.
863 3415 865 3418 .
1553 3341 1783 3401 P⁰⁸¹⁶0mm¹b·

301 3451 346 3512 De
356 3454 464 3533 laipide
478 3456 579 3518 Sancti
590 3457 694 3528 siluini,
707 3473 794 3534 quem
805 3455 933 3533 portauit
947 3471 1062 3514 romam
1073 3453 1165 3514 tribus
1259 3451 1341 3512 Beati
1362 3444 1530 3529 archangeli
1550 3451 1591 3511 tui
1612 3450 1770 3522 michaelis,
1792 3460 1824 3509 ut
1845 3450 1979 3509 omnium
2000 3443 2122 3528 angelo·

259 3545 381 3612 uicibus.
1216 3566 1282 3607 rum
1296 3548 1389 3607 tribue
1406 3565 1471 3619 nos,
1486 3546 1615 3617 dominc,
1631 3545 1812 3606 orationibus
1827 3544 1929 3616 foueri,
1944 3555 1976 3604 ut
1994 3564 2121 3623 quorum

301 3641 346 3702 De
360 3644 456 3721 capite
471 3645 571 3705 Sancti
586 3644 692 3705 nicolai
707 3644 847 3722 episcopi.
1216 3643 1389 3702 memoriam
1400 3641 1583 3719 predicamus
1594 3639 1726 3711 interris,
1738 3656 1841 3699 eorum
1855 3639 1964 3699 sanctis
1984 3640 2121 3716 precibus

301 3734 374 3796 Item
390 3737 534 3817 Reliquiae
550 3737 648 3799 Sancti
663 3738 797 3798 audoeni.
1215 3737 1387 3796 adiuuemur
1400 3735 1431 3794 in
1446 3733 1524 3794 celis.
1566 3733 1630 3794 Per.

300 3828 345 3890 De
359 3834 453 3909 cupite
469 3832 567 3893 Sancti
581 3832 727 3893 benedicti
740 3832 863 3893 abbatis.
1256 3829 1435 3907 Propitiare⁸
1449 3829 1613 3889 misericors
1628 3829 1710 3901 deus,
1725 3827 1987 3905 supplicationibus
2001 3829 2119 3902 nostris,

302 3925 348 3986 De
361 3928 538 3986 uestimento
553 3926 652 3987 Sancti
667 3927 778 3988 saluini.
1214 3936 1243 3985 et
1257 3925 1396 3984 familiam
1416 3935 1497 3984 tuam
1517 3923 1651 4001 pemigili
1671 3923 1854 4003 protectione
1876 3923 2000 3994 custodi,
2013 3933 2046 3982 ut
2067 3924 2118 4001 qui

301 4019 442 4099 Reliquiae
457 4019 558 4080 Sancti
571 4020 720 4081 ermelani.
1213 4020 1386 4097 unigentum
1407 4028 1489 4079 tuum
1509 4019 1642 4078 incarne
1657 4017 1748 4078 nostri
1762 4017 1894 4094 corporis
1908 4017 2001 4078 modo
2016 4027 2118 4078 nanim

300 4113 454 4196 (Reliquiae
469 4115 587 4193 crispini
602 4124 632 4175 et
645 4112 834 4193 crispiniani.)
1213 4115 1394 4186 confitemur,
1405 4112 1665 4173 intercessionibus
1673 4113 1825 4171 beatorum
1834 4112 2036 4190 apostolorum
2045 4109 2118 4190 petri

1214 4218 1242 4267 et
1257 4208 1343 4285 pauli,
1354 4208 1546 4284 omniumque
1560 4206 1691 4266 eiusdem
1706 4205 1804 4290 diuine
1818 4205 2004 4285 humaneque
2019 4206 2117 4268 christi

1213 4301 1369 4362 natiuitatis
1397 4301 1594 4361 ministrorum
1620 4299 1876 4377 ministrarumque
1904 4301 2014 4360 meritis
2037 4301 2117 4360 nulla

1212 4397 1360 4472 possimus
1374 4395 1481 4456 diaboli
1563 4392 1579 4426 ¹¹
1662 4391 1677 4425 *
1760 4391 1776 4425 ¹¹
1859 4392 1874 4426 *
1955 4395 2116 4454 sociorum·

1212 4506 1270 4565 que
1285 4491 1347 4550 eius
1429 4487 1444 4521 *
1526 4499 1587 4548 ate
1602 4505 1638 4547 co
1722 4485 1737 4519 *
1821 4486 1873 4547 sed
1888 4488 1979 4548 sancti
1999 4489 2116 4566 spiritus

1211 4584 1305 4660 gratia
1314 4582 1465 4644 illuminati
1475 4594 1577 4643 contra
1585 4583 1717 4642 vitiorum
1728 4582 1934 4658 temptationes
1944 4582 2114 4663 pugnare(i)

1211 4677 1362 4739 ualeamus
1376 4678 1458 4739 illesi.
1499 4677 1554 4738 Per
1567 4677 1695 4737 eundem
1709 4677 1871 4738 dominum.

1262 2461 1353 2535 Deus,
1374 2463 1424 2541 qui
1451 2463 1572 2524 beatum
1598 2462 1791 2524 michahelem
1816 2462 2024 2542 archangelum
2052 2465 2127 2526 elec·

1221 2557 1308 2616 tionis
1329 2568 1378 2631 tue
1400 2559 1517 2635 populis
1537 2559 1712 2618 constituisti
1732 2557 1904 2636 principem,
1926 2568 2034 2635 presta,
2055 2577 2127 2637 que·

1221 2669 1330 2723 sumus,
1351 2661 1384 2712 ut
1404 2670 1494 2730 quem
1522 2653 1608 2712 nohis
1633 2653 1738 2712 dedisti
1766 2651 1865 2712 salutis
1886 2651 2000 2726 ducem,
2023 2664 2127 2714 contra

1220 2745 1341 2806 adversa
1354 2747 1455 2806 omnia
1469 2747 1577 2808 tribuas
1592 2747 1784 2808 defensorem.
1826 2745 1890 2807 Per.

643 4247 780 4325 Wrgines.

299 4351 356 4430 (De
370 4361 474 4413 sancta
487 4350 650 4431 elisabeth.)

298 4447 343 4507 De
356 4447 448 4526 digito
464 4445 571 4522 Sancte
586 4449 676 4522 marie
691 4447 873 4526 magdalene.

296 4539 341 4600 De
355 4553 457 4601 sancta
470 4541 579 4602 cecilia.

296 4633 340 4695 De
354 4645 455 4696 sancta
469 4635 588 4714 Agatha
601 4635 724 4714 uirgine.

295 4727 340 4788 De
354 4739 456 4789 sancta
468 4740 584 4806 agnete.

295 4821 436 4904 Reliquiae
466 4821 574 4900 Sancte
602 4823 747 4902 praxedis,
771 4833 802 4883 et
830 4823 937 4898 Sancte
962 4821 1103 4900 Eugenie,
1128 4831 1158 4882 ct
1287 4820 1289 4824 ’
1506 4869 1803 4956 [mmmmm]

254 4914 383 5072 &th
398 5010 506 5087 sanctg
520 5011 634 5088 selicrflg
647 5012 778 5092 uirginis,
1248 4993 1265 5032 *
1328 4996 1430 5057 sreode
1441 4996 1520 5057 huna
1535 5009 1573 5058 aet
1587 4998 1719 5059 ocmund
1733 5006 1803 5056 tune
1816 5013 1858 5055 on
1871 4994 1966 5055 mides
1980 5013 2110 5057 sumeres

291 5105 336 5166 De
350 5107 446 5185 capite
461 5106 569 5182 Sancte
584 5117 746 5186 margarete
759 5105 888 5185 uirginis.
1207 5107 1303 5151 messe
1333 5109 1409 5152 enen
1439 5090 1485 5153 sor
1513 5096 1574 5173 hon
1661 5091 1676 5124 *
1757 5089 1849 5167 7s0r
1875 5093 1914 5170 Pa
1995 5087 2012 5130 *
2094 5092 2109 5125 *

291 5198 337 5260 De
350 5211 455 5262 sancta
468 5200 553 5261 lucia.
1206 5204 1246 5245 on
1262 5184 1369 5245 feower
1383 5204 1480 5263 wegas
1494 5204 1535 5247 on
1548 5187 1656 5246 brunes
1669 5186 1841 5263 gewitnesse
1860 5201 1957 5244 messe
1976 5197 2109 5263 preostes

290 5295 363 5356 ltem
378 5294 425 5355 De
440 5305 542 5356 sancta
554 5295 681 5372 eugenia
694 5304 725 5354 et
738 5295 776 5355 de
791 5304 892 5355 sancta
907 5293 1029 5354 felicula
1202 5297 1224 5358 7
1238 5297 1276 5338 an
1290 5279 1368 5339 ealra
1381 5283 1460 5360 Paera
1476 5290 1603 5358 preosta.

290 5387 366 5450 Ossa
380 5389 489 5464 Sancte
503 5389 630 5465 mamille
644 5389 775 5466 ubginis

345 5484 350 5497 .
395 5486 401 5498 .
757 5483 763 5495 .
801 5482 839 5496 ..
1236 5437 1324 5489 ¹This
1334 5437 1385 5489 line
1399 5438 1445 5488 has
1460 5439 1522 5488 been
1539 5438 1634 5499 erased,
1647 5438 1696 5488 and
1708 5437 1750 5488 the
1765 5447 1824 5488 next
1835 5438 1885 5488 line
1901 5437 1999 5488 written
2011 5454 2072 5489 over
2087 5439 2107 5488 it

289 5481 430 5562 Rehqfflae
445 5482 551 5560 sancti
566 5482 721 5558 Gemuesi
735 5499 863 5560 uffsslms·
1202 5515 1237 5580 by
1248 5533 1263 5566 a
1275 5515 1338 5567 later
1348 5516 1424 5568 baud.
1505 5515 1515 5544 ¹
1531 5516 1586 5566 The
1598 5523 1655 5566 next
1665 5531 1738 5582 page.
1751 5515 1794 5568 iol.
1809 5526 1855 5579 7a,
1869 5515 2006 5582 isaplauk
2017 5532 2090 5581 page.

1235 5595 1245 5626 ⁸
1259 5594 1314 5644 The
1325 5594 1408 5645 whole
1419 5592 1450 5644 oi
1457 5593 1507 5644 this
1518 5609 1590 5660 page,
1602 5592 1646 5644 iol.
1659 5594 1673 5643 8
1684 5610 1708 5652 a,
1722 5593 1911 5664 Propitiare-*J
1923 5611 1956 5647 on
1967 5599 1981 5633 *
1992 5601 2104 5662 praestes,

518 5670 653 5722 ¹Written
665 5687 698 5723 on
709 5671 752 5724 the
763 5673 868 5739 margin.
1202 5672 1293 5739 isrery
1303 5672 1378 5723 much
1390 5687 1460 5723 worn
1470 5671 1520 5723 and
1530 5671 1615 5736 nearly
1627 5671 1745 5738 illegible.
