5124 6608
420 567 466 636 62
729 563 853 638 dauon
877 562 1024 648 titisse.

419 785 559 850 quorum
586 783 646 829 nos
671 761 873 829 consortium
903 782 970 826 non
995 759 1177 825 aestimator
1200 757 1318 835 meriti,

419 867 478 932 sed
523 863 639 940 ueniae,
676 883 865 946 quesumus,
902 859 1038 944 largitor
1073 860 1223 935 admitte,
1261 878 1320 942 per

420 964 609 1034 christum¹.

464 1067 526 1133 Per
548 1085 649 1186 quem
673 1063 888 1140 haecomnia,
913 1061 1056 1139 domine,
1081 1082 1212 1146 semper
1231 1059 1320 1125 bona

421 1217 520 1274 creas,
532 1195 716 1260 sanctificas
724 1192 746 1270 ²,
762 1149 918 1271 uiuilicas,
928 1145 1124 1267 beneliicisi
1137 1200 1172 1255 et
1183 1199 1320 1274 praestas

422 1296 527 1361 nobis.
573 1295 634 1358 Per
648 1294 768 1378 ipsum,
784 1292 831 1356 Et
849 1313 924 1357 cum
948 1292 1029 1374 ipso,
1046 1290 1092 1354 Et
1111 1290 1240 1373 inipso,
1258 1289 1321 1354 Est

421 1395 499 1459 Tibi
526 1395 590 1459 deo
612 1394 698 1478 patri
718 1391 947 1476 omnipotenti,
969 1391 1008 1454 In
1035 1390 1161 1454 unitate
1187 1388 1320 1472 spiritus

422 1495 537 1571 sancti,
554 1493 673 1560 Omnis
690 1493 797 1557 honor
817 1502 851 1557 et
871 1490 984 1576 gloria,
1001 1489 1063 1555 Per
1077 1489 1189 1553 omnia
1211 1487 1321 1572 secula

423 1595 617 1660 seculorum.
662 1601 699 1661 Dr.
722 1592 847 1658 Amen.

805 1742 952 1809 Oremus.

467 1859 644 1943 Praeceptis
668 1857 867 1922 salutaribus
890 1853 1017 1930 moniti,
1040 1861 1074 1917 et
1095 1851 1208 1916 diuina
1230 1851 1322 1914 insti-

423 1962 552 2028 tutione
582 1959 714 2025 formati
744 1956 904 2021 audemus
934 1955 1052 2032 dicere,
1084 1952 1181 2017 Pater
1211 1959 1323 2015 noster

424 2062 481 2145 qui
504 2081 540 2125 es
560 2059 593 2123 in
613 2058 711 2134 caelis,
727 2055 949 2121 sanctificetur
964 2074 1084 2118 nomen
1101 2063 1205 2127 tuum,
1221 2052 1322 2115 adue-

423 2163 494 2226 niat
526 2179 664 2244 regnum
693 2166 796 2235 tuum,
822 2155 881 2221 fiat
906 2154 1060 2219 uoluntas
1089 2162 1148 2217 tua
1176 2152 1261 2215 sicut
1290 2149 1323 2214 in

424 2261 507 2327 caelo
530 2257 582 2324 et4
603 2259 636 2323 in
659 2266 756 2323 terra.
801 2255 926 2320 Panem
950 2265 1099 2320 nostrum
1121 2252 1323 2317 cotidianum

424 2363 469 2427 da
491 2359 585 2424 nobis
607 2357 715 2437 hodie,
739 2366 772 2421 et
796 2356 927 2420 dimitte
951 2354 1046 2418 nobis
1067 2353 1179 2418 debita
1204 2358 1324 2427 nostra,

425 2463 510 2526 sicut
526 2468 560 2525 et
576 2478 636 2523 nos
650 2456 849 2522 dimittimus
867 2454 1071 2520 debitoribus
1086 2453 1217 2526 nostris,
1233 2460 1267 2514 et
1283 2469 1325 2512 ne

426 2581 487 2626 nos
502 2560 639 2624 inducas
655 2559 687 2622 in
702 2555 965 2639 temptationem.
1005 2561 1043 2621 Dr.
1067 2551 1135 2618 Sed
1147 2551 1250 2615 libera
1265 2569 1325 2613 nos

426 2683 447 2726 a
463 2660 553 2725 malo
562 2659 585 2723 ⁶.

470 2761 593 2826 Libera
619 2779 690 2834 nos,
716 2777 905 2842 quesumus,
932 2755 1075 2834 domine,
1101 2755 1145 2819 ab
1173 2751 1326 2818 omnibus

427 2861 522 2926 malis
540 2858 714 2944 preteritis,
730 2857 948 2940 presentibus,
965 2865 999 2920 et
1016 2855 1142 2930 suturis,
1157 2853 1210 2918 et⁶
1227 2853 1327 2916 inter-

427 2962 566 3027 cedente
592 2959 691 3023 beata
713 2967 748 3022 et
773 2956 916 3040 gloriosa
937 2954 1089 3040 semper⁷
1113 2953 1248 3036 uirgine,
1271 2952 1326 3015 der

427 3059 585 3144 genitrice
612 3059 725 3130 maria,
749 3066 783 3122 et
808 3053 936 3122 beatis⁸
958 3054 1119 3139 apostolis
1140 3054 1206 3118 tuis
1232 3061 1327 3135 petro

429 3171 463 3225 et
477 3159 587 3244 paulo,
601 3169 701 3242 atque
716 3158 849 3228 andrea,
866 3156 918 3220 et⁹
934 3153 960 3194 ¹⁰
969 3155 1123 3219 omnibus
1139 3149 1326 3226 sanctis⁹¹¹,

429 3260 485 3325 Da
508 3260 668 3344 propitius
698 3277 814 3341 pacem
840 3256 873 3320 in
903 3255 1020 3320 diebus
1046 3251 1174 3329 nostris,
1202 3259 1239 3315 ut
1264 3269 1328 3333 ope

430 3359 661 3424 misericordiae
690 3366 757 3421 tuae
787 3355 901 3430 adiuti,
932 3365 966 3419 et
998 3375 1018 3418 a
1051 3361 1189 3442 peccato
1225 3350 1328 3413 simus

430 3479 562 3542 semper
582 3457 685 3533 liberi,
709 3465 744 3522 et
765 3456 808 3520 ab
830 3454 921 3519 omni
944 3453 1191 3538 perturbatione
1213 3449 1327 3524 securi,

433 3558 495 3623 Per
503 3557 528 3596 ¹²
543 3557 716 3622 dominum
732 3562 880 3620 nostrum
899 3552 1028 3618 ihesum
1051 3551 1208 3616 christum
1223 3549 1328 3612 filium

431 3668 534 3734 tuum,
551 3657 607 3741 qui
622 3665 733 3720 tecum
755 3655 839 3718 uiuit
859 3661 893 3718 et
912 3661 1028 3736 regnat
1043 3652 1126 3716 deus
1147 3651 1181 3714 in
1203 3649 1330 3712 unitate

432 3757 565 3841 spiritus
581 3753 694 3833 sancti,
711 3774 770 3838 per
784 3752 896 3818 omnia
919 3751 1039 3816 saecula
1047 3750 1075 3789 ¹³
1089 3749 1283 3814 saeculorum
1292 3744 1329 3811 ¹⁴.

433 3858 471 3922 R.
494 3854 607 3919 Amen
618 3853 653 3918 ¹³.

477 3955 549 4019 Pax
565 3954 691 4019 domini
709 3953 752 4017 sit
768 3972 900 4036 semper
914 3950 1095 4016 uobiscum.

477 4056 516 4117 R.
541 4053 678 4117 Etcum
695 4051 811 4136 spiritu
826 4060 895 4115 tuo,

478 4154 598 4238 Agnus
608 4155 672 4227 dei,
688 4155 744 4236 qui
759 4151 848 4216 tollis
864 4162 1000 4236 peccata
1014 4151 1136 4226 mundi,
1151 4147 1332 4214 miserere¹⁶

436 4254 530 4320 nobis
539 4252 575 4317 ¹⁶.

467 4445 477 4476 ¹
500 4460 519 4500 ÷
532 4445 661 4496 dominnm
673 4451 784 4496 nostrum
796 4445 828 4495 V.
840 4445 873 4494 X.
885 4445 918 4496 Y.
1023 4443 1034 4474 ¹
1053 4445 1108 4494 Om.
1120 4457 1215 4493 croesus
1227 4440 1290 4491 Bod.
1302 4441 1334 4490 V.

468 4526 479 4556 ⁸
501 4538 520 4573 ψ
535 4539 630 4574 moeses
642 4538 700 4574 orer
710 4522 844 4584 benedicis,
857 4523 946 4587 ipsum,
958 4521 1021 4588 ipso,
1034 4523 1089 4587 ipso
1100 4521 1132 4570 Y.

467 4603 476 4632 ⁴
493 4601 601 4653 SoBod.
613 4601 645 4649 V.
657 4601 733 4652 X.Y.
746 4601 773 4651 Z.
852 4601 904 4653 ³4
917 4600 1123 4651 AmenX.ll.Z.
1206 4599 1217 4630 ⁸
1235 4600 1291 4649 Om.
1303 4599 1334 4648 V.

467 4679 479 4710 l
501 4696 520 4733 ÷
538 4697 585 4745 que
597 4680 630 4730 Χ.
641 4680 673 4729 Y.
835 4681 845 4711 ¹
868 4699 886 4729 ψ
902 4680 994 4730 sanctis
1005 4679 1040 4730 X.
1190 4678 1220 4714 ⁰³
1239 4679 1293 4728 Om.
1303 4678 1335 4727 V.

469 4759 488 4790 ¹⁰
503 4759 569 4810 Cum
582 4757 644 4808 Bod.
656 4757 733 4807 X.Y.
746 4759 773 4806 Z.
860 4755 880 4788 ²¹
904 4770 923 4810 ÷
938 4757 988 4807 tuis
1001 4757 1028 4808 Z.
1111 4755 1129 4785 ¹¹
1152 4769 1171 4806 ÷
1185 4756 1290 4806 eundem
1302 4755 1358 4804 X.-

468 4836 516 4876 ²⁸-¹⁸
535 4838 589 4887 Om.
604 4836 636 4886 Y.
721 4833 739 4868 ¹⁴
756 4837 811 4887 Om.
822 4835 857 4884 X.
957 4833 1003 4874 ¹³³⁸
1021 4836 1077 4886 Om.
1090 4835 1140 4885 and
1158 4835 1253 4888 ÷iix.
1265 4835 1296 4884 Y.
1308 4835 1335 4885 Z.

435 4915 499 4966 aiter
508 4913 591 4966 which
603 4913 702 4964 follows
714 4914 740 4962 iu
751 4914 776 4963 X
785 4930 825 4963 :-

713 5015 861 5067 Coniunctio
867 5015 946 5079 panis
956 5021 979 5065 et
991 5015 1058 5065 uini.

470 5109 557 5159 Praetu
575 5107 655 5169 nobis,
675 5107 834 5172 omnipotens
855 5106 925 5167 deus,
946 5111 974 5156 ut
991 5105 1038 5172 hpc
1059 5107 1253 5158 communicatio
1274 5107 1337 5158 sacri

438 5187 549 5252 corporis
564 5195 589 5237 et
601 5185 727 5250 sanguinis
738 5185 774 5235 tui
786 5201 835 5235 non
850 5185 882 5234 ad
895 5184 1014 5234 iudicium
1030 5185 1074 5235 sed
1085 5185 1118 5234 ad
1132 5186 1268 5237 remedium
1278 5201 1337 5251 pro·

438 5267 507 5318 ficiat
518 5268 608 5318 mentis
618 5276 643 5318 et
657 5267 774 5332 corporis.
808 5267 858 5331 Qui
870 5283 927 5317 curn
939 5273 1018 5332 patre.

472 5345 589 5395 Sanctum
604 5361 693 5410 corpus
706 5352 775 5394 tuum
791 5353 815 5395 et
827 5345 972 5411 sauguinem
982 5361 1033 5394 nou
1047 5360 1103 5395 anm
1114 5345 1204 5410 dignus
1216 5347 1337 5413 accipere,

439 5422 607 5474 domineclens
616 5439 692 5482 meus,
701 5430 727 5473 et
738 5422 838 5473 confido
849 5423 874 5472 in
885 5438 977 5488 magna
988 5422 1158 5474 misericordia
1170 5433 1220 5485 tua,
1230 5424 1337 5487 domine,

441 5509 469 5552 ut
490 5501 533 5550 des
550 5501 613 5550 mihi
631 5501 721 5551 misero
744 5501 868 5566 peccatori
887 5500 1067 5566 indulgentiam
1084 5501 1116 5551 de
1134 5501 1243 5567 peccatis
1261 5502 1338 5565 meis;

441 5579 533 5630 etenim
550 5594 639 5644 eorpus
654 5587 725 5629 tuum
735 5585 760 5628 et
771 5579 871 5642 sangaris
886 5578 1000 5643 proficiat
1011 5577 1044 5630 ad
1060 5579 1165 5632 salutem
1181 5580 1264 5631 anime
1275 5597 1337 5649 mee,

1640 553 1767 647 vura
1793 552 2000 641 fictitiam.

1372 801 1485 870 diti.
1504 801 1565 868 tat
1586 801 1700 866 manat.
1719 799 1823 880 multia
1838 799 2009 864 natiuitatis
2030 797 2130 878 ridett
2149 803 2183 865 tr
2202 797 2273 878 bura

1774 890 1881 956 nouat

1416 1018 1530 1098 Deus
1569 1031 1637 1095 our
1678 1029 1750 1082 uos
1795 1028 2077 1082 nnururrrours
2119 1027 2275 1080 uosrma

1372 1140 1481 1184 annua
1499 1117 1734 1202 expectatione
1754 1116 1912 1192 laetifrcas,
1929 1127 2051 1200 praesta
2070 1125 2106 1180 ut
2126 1115 2273 1198 unigeni-

1372 1230 1444 1285 tum
1464 1227 1568 1297 tuum,
1583 1238 1682 1301 quem
1705 1217 1951 1300 redemptorem
1972 1216 2040 1282 laeti
2059 1217 2274 1299 suscepimus,

1373 1319 1561 1384 uenientem
1577 1337 1710 1401 quoque
1732 1317 1874 1381 iudicem
1897 1316 2001 1381 securi
2019 1316 2199 1392 uideamus,
2213 1315 2274 1378 do·

1373 1420 1500 1482 minum
1526 1426 1674 1481 nostrum
1699 1415 1827 1480 ihesum
1853 1416 2020 1494 christum,
2040 1414 2145 1479 filium
2166 1424 2271 1478 tuum.

1373 1517 1440 1602 Qui
1455 1527 1591 1583 tecumr

1757 1614 1895 1680 Secreta.

1417 1737 1472 1802 Da
1508 1735 1615 1811 nobis,
1645 1755 1835 1818 quesumus,
1865 1733 2074 1818 omnipotens
2110 1735 2202 1809 deus,
2235 1741 2273 1798 ut

1374 1838 1457 1903 sicut
1492 1835 1663 1900 adoranda
1699 1835 1757 1899 filii
1786 1835 1836 1900 tui
1866 1833 2014 1899 natalitia
2042 1834 2272 1916 praeuenimus,

1374 2059 1432 2125 qnia
1442 2060 1498 2125 pius
1509 2065 1534 2108 et
1546 2058 1686 2109 misericors
1696 2073 1731 2119 es,
1742 2058 1843 2109 domine
1854 2058 1915 2108 dens
1926 2071 2004 2107 meus.
2038 2057 2085 2107 Per
2095 2057 2233 2107 dominum.

1408 2139 1505 2204 Corpus
1513 2137 1562 2187 hoc
1573 2145 1599 2188 et
1610 2137 1710 2202 sanguis
1720 2137 1815 2187 domini
1826 2136 1904 2186 nostri
1915 2135 1985 2186 ihesu
1997 2133 2083 2184 christi
2094 2135 2222 2186 custodiat
2234 2150 2274 2186 me

1375 2217 1407 2268 ad
1419 2217 1498 2266 uitam
1508 2223 1629 2266 eternam.

1409 2295 1517 2346 Domine
1534 2295 1605 2346 ihesu
1621 2293 1719 2355 christe,
1736 2292 1782 2344 tilii
1797 2293 1839 2344 dei
1856 2293 1916 2353 uiui,
1933 2291 1977 2356 qui
1993 2305 2024 2340 ea
2041 2289 2171 2341 uoluntate
2187 2289 2274 2354 patris,

1376 2381 1526 2440 cooperante
1536 2373 1626 2439 spiritu
1637 2381 1732 2433 sancto,
1744 2387 1788 2437 per
1799 2377 1904 2421 mortem
1916 2377 1986 2420 tuam
1997 2369 2117 2418 mundum
2129 2367 2270 2426 uiuificasti,

1376 2454 1454 2503 libera
1464 2467 1505 2502 me
1516 2467 1560 2518 per
1571 2450 1620 2500 hoc
1631 2465 1729 2500 sacmm
1740 2465 1831 2517 corpus
1839 2456 1865 2499 et
1875 2447 2023 2514 sanguinem
2034 2453 2106 2496 tuum
2115 2446 2148 2495 ab
2159 2445 2275 2496 omuibus

1376 2530 1547 2595 iniquitatibus
1562 2535 1587 2580 et
1601 2529 1722 2578 uniuersis
1737 2528 1811 2578 malis
1825 2528 1894 2588 meis,
1906 2534 1932 2577 et
1946 2525 1985 2575 lac
1996 2539 2037 2573 me
2048 2525 2098 2574 tuis
2109 2523 2210 2574 obedite
2221 2539 2274 2590 pre·

1376 2609 1463 2674 ceptis,
1472 2615 1497 2657 et
1506 2623 1522 2656 a
1533 2616 1558 2657 te
1568 2621 1694 2671 nunquam
1703 2607 1729 2656 in
1737 2615 1884 2672 perpetuum
1895 2603 2011 2670 separari.
2046 2601 2083 2667 [÷
2091 2601 2222 2667 permittas
2233 2601 2272 2668 Ζ.]

1409 2687 1552 2737 Clamantes
1569 2684 1601 2736 ad
1618 2691 1650 2746 te,
1665 2685 1735 2745 dens,
1747 2685 1878 2749 dignanter
1892 2681 1989 2740 exaudi,
2001 2686 2029 2730 ut
2044 2695 2090 2730 nos
2106 2679 2138 2728 de
2151 2678 2276 2744 profundo

1377 2765 1515 2829 iniquitatis
1530 2763 1621 2827 eripias
1637 2769 1662 2813 et
1679 2763 1711 2812 ad
1727 2763 1822 2828 gaudia
1838 2761 1986 2827 sempiterna
2004 2773 2051 2808 nos
2067 2757 2195 2824 perducas
2229 2757 2276 2806 Per

1377 2843 1515 2894 dominum.

1316 2951 1324 2965 ·
1411 2921 1513 2971 Placeat
1521 2919 1577 2977 tibi,
1588 2924 1674 2970 sancta
1683 2917 1787 2979 trinitas,
1796 2917 1942 2982 obsequium
1952 2913 2077 2965 seruitutis
2085 2930 2147 2980 mee,
2157 2920 2182 2964 et
2193 2921 2276 2978 presta

1378 3005 1406 3049 ut
1417 2997 1565 3048 sacrificium
1580 2995 1648 3062 quod
1659 2996 1738 3046 oculis
1749 3002 1792 3046 tue
1807 2995 1943 3044 maiestatis
1958 2992 2075 3058 indignus
2091 2992 2171 3058 optuli
2182 2991 2229 3042 tibi
2244 2992 2277 3042 sit

1379 3075 1541 3142 acceptabile,
1554 3075 1664 3140 mihique
1679 3081 1704 3123 et
1716 3073 1831 3124 omnibus
1842 3089 1888 3138 pro
1900 3072 1989 3137 quibus
2004 3070 2068 3120 illud
2082 3071 2164 3135 optuli
2177 3071 2224 3120 tibi
2235 3071 2276 3127 sit,

1379 3163 1404 3206 te
1415 3155 1554 3214 miserante,
1567 3151 1729 3218 propitiabile
1741 3153 1766 3201 in
1778 3151 1857 3200 uitam
1868 3157 1986 3200 eternam.
2020 3150 2110 3198 Amen.
2136 3149 2168 3198 X.

1412 3231 1534 3282 Fromthe
1541 3245 1610 3281 same
1617 3229 1877 3297 pointwhereleolric
1883 3229 1914 3280 A.
1921 3233 1991 3293 stops
1998 3227 2067 3278 there
2074 3226 2173 3277 follows
2180 3226 2278 3276 inv:—

1412 3311 1499 3376 Agnus
1511 3309 1559 3370 dei,
1571 3308 1639 3358 dona
1650 3308 1723 3358 nobis
1734 3323 1829 3373 pacem.
2071 3324 2076 3334 ·

1413 3389 1478 3440 Hac
1500 3394 1658 3438 sacrosancta
1681 3386 1827 3438 commixtio
1850 3384 1964 3450 corporis
1987 3391 2013 3434 et
2034 3383 2163 3447 sauguinis
2184 3379 2278 3431 domini

1379 3467 1458 3519 nostri
1469 3467 1540 3516 ihesu
1555 3466 1640 3516 christi
1653 3464 1698 3514 frat
1710 3465 1826 3514 omnibus
1838 3462 1992 3514 sumentibus
2005 3462 2071 3511 salus
2086 3461 2175 3511 mentis
2190 3467 2216 3510 et
2226 3475 2280 3510 cor·

1380 3546 1454 3612 poris,
1467 3551 1541 3609 atque
1552 3544 1585 3594 ad
1594 3543 1673 3594 uitam
1684 3549 1794 3593 eternam
1805 3541 1995 3607 promerendam
2003 3541 2146 3612 preparatiq
2157 3538 2279 3589 salutaris.

1413 3624 1529 3684 Domine,
1542 3629 1626 3672 sancte
1642 3627 1720 3686 pater,
1739 3620 1893 3686 omnipotens
1908 3625 1991 3669 eterne
2007 3618 2076 3679 deus,
2088 3617 2122 3667 da
2138 3617 2215 3666 michi
2231 3615 2280 3666 hoc

1380 3719 1470 3768 corpus
1486 3709 1511 3752 et
1522 3701 1668 3767 sanguinem
1685 3699 1731 3748 filii
1744 3699 1782 3750 tui
1798 3698 1893 3747 domini
1908 3697 1986 3746 nostri
2003 3696 2073 3746 ihesu
2088 3696 2173 3746 christi
2190 3696 2227 3745 ita
2242 3709 2280 3744 as·

1382 3796 1485 3841 sumere,
1507 3786 1536 3829 ut
1552 3794 1647 3828 merear
1667 3793 1712 3843 per
1728 3777 1777 3827 hoc
1799 3776 1968 3826 remissionem
1991 3775 2102 3824 omnium
2121 3780 2279 3840 peccatorum

1382 3873 1493 3908 meorum
1511 3857 1631 3922 accipere,
1649 3861 1674 3906 et
1693 3855 1782 3920 spiritu
1801 3859 1889 3904 sancto
1906 3852 2001 3918 repleri,
2020 3858 2045 3903 et
2062 3852 2096 3902 ab
2112 3859 2196 3902 eterna
2211 3851 2281 3900 darn·

1382 3938 1483 3988 natione
1499 3935 1608 3994 liberari,
1623 3941 1649 3986 et
1665 3935 1690 3984 in
1707 3934 1749 3984 die
1765 3933 1850 3983 iudicii
1867 3947 1925 3982 cum
1941 3931 2031 3988 sanctis
2047 3938 2073 3982 et
2089 3930 2174 3983 electis
2190 3929 2239 3980 tuis
2255 3931 2280 3979 in

1383 4021 1503 4082 perpetua
1514 4013 1597 4080 requie
1607 4011 1733 4063 collocari.
1766 4015 1811 4061 Per
1822 4011 1935 4061 eundem.
2022 4001 2028 4016 ⁸

1417 4092 1527 4142 Domine
1541 4090 1610 4140 ihesu
1626 4090 1724 4151 christe,
1736 4088 1772 4138 tili
1787 4089 1827 4138 dei
1842 4089 1901 4145 uini,
1913 4095 1970 4150 etc,
1982 4104 2010 4138 as
2023 4088 2048 4138 in
2060 4088 2093 4149 X,
2104 4087 2151 4138 but
2163 4085 2281 4152 omitting

1385 4171 1428 4222 the
1439 4178 1490 4221 two
1501 4167 1568 4220 Coll.
1582 4165 1755 4218 ‘Clamantes'
1766 4167 1817 4216 and
1828 4174 1835 4194 ⁸
1845 4165 1961 4217 Placeat!

1418 4249 1473 4299 The
1484 4249 1572 4300 Canon
1589 4247 1615 4296 in
1626 4247 1653 4297 Z.
1665 4253 1735 4312 stops
1750 4261 1778 4296 as
1791 4245 1817 4295 in
1834 4244 1933 4296 Leofric
1943 4245 1977 4306 Α,
1988 4244 2033 4294 but
2051 4260 2066 4295 a
2080 4243 2143 4294 later
2153 4243 2221 4294 hand
2236 4243 2282 4294 has

1387 4330 1468 4381 added
1484 4329 1540 4379 lour
1550 4343 1650 4394 prayers
1658 4327 1764 4376 :-llaec
1777 4331 1935 4376 sacrosancta
1946 4324 2090 4374 commixtio
2101 4323 2219 4388 corporis,
2228 4330 2284 4380 etc..

1387 4423 1414 4458 as
1426 4408 1451 4458 in
1462 4408 1495 4457 X.

1420 4485 1537 4544 Domine,
1559 4489 1644 4533 sanus
1665 4488 1735 4546 pater
1756 4496 1780 4532 o.
1801 4497 1831 4532 ω.
1849 4479 1883 4539 d,
1902 4480 1935 4530 da
1953 4479 2015 4529 mihi
2033 4478 2084 4529 hoc
2101 4488 2285 4529 sacrosanctum

1387 4581 1477 4631 corpus
1488 4571 1513 4614 et
1524 4561 1668 4628 sanguinem
1679 4559 1724 4609 filii
1735 4559 1771 4609 tui
1783 4559 1878 4609 domini
1889 4559 1967 4610 nostri
1981 4557 2052 4609 ihesu
2063 4557 2147 4608 christi
2164 4559 2200 4607 ita
2209 4558 2285 4624 digne

1386 4657 1489 4700 sumere,
1500 4647 1528 4691 ut
1539 4655 1676 4690 mereamur
1692 4654 1736 4703 per
1751 4637 1800 4688 hoc
1814 4638 1983 4688 remissionem
1997 4636 2110 4686 omnium
2126 4642 2286 4702 peccatorum

1386 4729 1527 4773 nostrorum
1538 4719 1658 4784 accipere,
1670 4725 1696 4767 et
1711 4718 1743 4767 de
1759 4721 1803 4766 tuo
1820 4724 1907 4768 sancto
1927 4716 2015 4782 spiritu
2031 4714 2127 4780 repleri,
2139 4714 2197 4780 quia
2213 4721 2240 4763 tu
2258 4729 2285 4765 es

1387 4804 1448 4853 deus
1459 4799 1534 4857 solus¹
1544 4805 1568 4848 et
1580 4803 1683 4863 propter
1693 4802 1718 4846 te
1729 4811 1779 4845 non
1790 4802 1827 4845 est
1837 4796 1911 4852 alius,
1922 4797 1991 4845 cuius
2002 4810 2105 4860 regnum
2116 4803 2142 4844 et
2152 4793 2284 4860 imperium

1387 4881 1440 4931 aine
1451 4879 1500 4929 fine
1510 4883 1638 4945 permanet
1649 4875 1675 4924 in
1686 4874 1777 4925 saeculn
1788 4874 1941 4924 saeculonrm.
1974 4875 2063 4924 Amen.

1420 4957 1539 5014 Domine,
1551 4955 1622 5005 ihesu
1634 4953 1733 5014 christe,
1744 4951 1781 5001 tili
1792 4951 1833 5001 dei
1844 4952 1907 5010 uiui,
1918 4957 1974 5013 etc,
1985 4967 2013 5001 as
2024 4953 2049 5002 in
2061 4951 2095 5002 X.

1422 5035 1497 5100 Quod
1514 5049 1556 5084 ore
1575 5033 1724 5097 sumpsimus
1745 5036 1827 5080 mente
1848 5046 1916 5094 pura,
1936 5031 2042 5087 domiue,
2061 5029 2187 5094 capiamus
2209 5035 2235 5080 et
2254 5029 2286 5080 de

1388 5129 1488 5164 munem
1499 5109 1630 5176 temporali
1643 5109 1686 5160 frat
1698 5109 1771 5158 nobis
1781 5109 1917 5159 remedium
1929 5108 2112 5174 sempiternum.
2145 5107 2234 5156 amen.

1423 5193 1430 5222 ¹
1447 5188 1612 5254 Throughout
1632 5187 1675 5237 the
1697 5185 1752 5236 MS.
1774 5187 1817 5236 the
1839 5186 1994 5238 catchwords
2013 5201 2054 5237 are
2073 5185 2170 5236 written
2191 5200 2224 5235 on
2243 5184 2286 5236 the

1389 5268 1494 5335 margin,
1505 5266 1587 5317 which
1597 5264 1655 5314 here
1667 5279 1759 5330 appear
1769 5281 1861 5332 among
1872 5264 1916 5315 the
1926 5272 2005 5315 notes.

1449 5359 1476 5398 Α.
1493 5343 1580 5395 Hodie
1591 5343 1680 5394 scietis.
1919 5354 1963 5392 οῖ.
1979 5341 2072 5393 Tollite
2082 5349 2177 5406 portas.

1449 5435 1486 5474 es.
1505 5421 1608 5472 Domini
1619 5428 1656 5471 est
1667 5427 1740 5472 terra.
1919 5432 1986 5471 corr.
2002 5418 2173 5470 Reuelnbitur.

1452 5514 1478 5554 a.
1496 5499 1581 5551 Hodie
1592 5499 1682 5550 scietis.
1921 5501 1974 5562 (ae.
1991 5498 2083 5548 Paulus
2093 5512 2186 5547 seruus.

1450 5593 1476 5632 v.
1493 5578 1544 5645 Qui
1554 5577 1627 5644 regis.
1921 5588 1965 5628 av,
1972 5577 2036 5628 Cum
2043 5575 2286 5642 essetdesponsata).
