5122 6610
564 589 635 683 titt
661 589 824 664 bannitis.

393 788 551 874 Sequitur
564 789 703 854 alterum
720 787 965 872 responsorium.

274 918 351 982 Heu
367 917 459 994 mihi,
475 916 618 992 domine,
641 916 719 999 quia
741 915 875 997 peccaui
898 912 997 977 nimis
1012 911 1045 976 in
1064 912 1133 977 uita

230 1039 313 1084 mea.
366 1016 457 1101 Quid
491 1015 610 1080 faciam
641 1013 761 1078 miser?
817 1013 885 1079 Ubi
916 1013 1041 1096 fugiam
1072 1013 1133 1076 nisi

228 1120 272 1184 ad
287 1129 330 1198 te,
341 1118 424 1182 deus
439 1112 554 1179 meus?
600 1114 757 1179 Miserere
773 1114 846 1191 mei,
859 1114 940 1178 dum
956 1113 1084 1177 ueneris
1100 1113 1133 1176 in

229 1217 408 1282 nouissimo
423 1217 488 1280 die.

281 1317 319 1384 V.
341 1314 467 1380 Anima
491 1334 566 1378 mea
587 1312 720 1379 turbata
741 1323 792 1378 est
807 1312 915 1389 ualde,
932 1312 991 1377 sed
1012 1322 1058 1392 tu,
1072 1312 1133 1376 do·

230 1417 326 1492 mine,
342 1434 493 1480 succurre
509 1415 548 1493 ei,
563 1415 644 1478 dum
660 1414 797 1478 ueneris.

554 1538 606 1604 Et
624 1539 673 1604 iii.
688 1537 807 1618 kyrrie.

608 1689 756 1755 Oremus.

273 1806 374 1884 Deus,
390 1804 446 1888 qui
462 1804 690 1868 uniuersomm
711 1825 746 1867 es
768 1811 896 1868 creator
918 1812 951 1867 et
975 1804 1135 1882 conditor,

232 1908 287 1990 qui
303 1925 378 1970 cum
394 1907 439 1968 sis
454 1913 587 1968 tuorum
610 1903 784 1969 beatitudo
799 1911 999 1982 sanctorum,
1015 1912 1136 1985 praesta

232 2006 327 2071 nobis
348 2004 548 2088 petentibus,
564 2012 600 2067 ut
622 2003 774 2086 spiritum
796 2002 904 2067 fratris
925 2001 1029 2066 nostri
1045 2000 1100 2065 ill.
1115 2022 1137 2065 a

232 2105 376 2188 corporis
402 2103 545 2167 nexibus
568 2102 756 2168 absolutum
780 2104 814 2167 in
844 2104 951 2188 prima
978 2123 1137 2168 resurrec-

232 2206 321 2270 tione
335 2203 437 2269 facias
452 2205 644 2286 presentari.
690 2205 753 2268 Per
762 2201 782 2266 ¹.

233 2355 284 2420 Et
306 2357 353 2420 sic
378 2354 507 2420 leuatur
531 2365 644 2437 corpus
668 2353 709 2418 de
736 2329 872 2428 ecclesia,
896 2364 930 2417 et
957 2354 1140 2436 deportetur

312 2476 410 2538 usque
423 2455 471 2520 ad
483 2455 584 2520 locum
599 2457 855 2539 sepulturarum
870 2454 1055 2537 antiphona.

274 2582 341 2646 An.
363 2580 506 2664 Aperite
528 2580 608 2645 mihi
630 2591 743 2664 portas
759 2581 901 2655 iustitiae,
918 2591 952 2645 et
974 2582 1139 2663 ingressus

234 2681 267 2745 in
293 2700 349 2745 eas
373 2679 557 2745 confitebor
577 2680 723 2746 domino.
770 2682 855 2746 Haec
880 2690 976 2764 porta
1004 2681 1140 2762 domini,

235 2783 309 2847 iusti
324 2781 495 2846 intrabunt
512 2801 571 2864 per
587 2803 671 2846 eam.

276 2883 333 2946 Ps.
359 2879 572 2946 confitemini
588 2882 734 2946 domino.

609 3031 758 3097 Oremus.

277 3155 337 3235 Te,
355 3157 498 3234 domine,
520 3165 635 3222 sancte
656 3165 761 3240 pater,
784 3157 994 3240 omnipotens
1017 3164 1142 3220 aeterne

236 3257 327 3333 dem,
343 3257 508 3340 supplices
522 3258 746 3341 deprecamur,
761 3277 821 3340 pro
836 3257 951 3339 spiritu
967 3255 1081 3320 famuli
1094 3254 1142 3319 tui

240 3357 294 3423 tlt.
311 3378 410 3441 quem
433 3356 475 3422 ab
498 3359 677 3442 originibus
696 3357 792 3421 huius
807 3356 909 3439 seculi
924 3356 968 3421 ad
984 3365 1018 3420 te
1033 3375 1142 3420 accer-

238 3456 289 3520 siri
304 3458 500 3540 precepisti3
524 3469 561 3523 ut
576 3459 728 3542 digneris,
742 3458 885 3531 domine,
897 3457 976 3521 dare
988 3457 1017 3520 ei
1032 3455 1142 3520 locum
1220 3500 1227 3514 .

236 3553 391 3632 lucidum,
418 3555 528 3621 locum
556 3556 711 3640 refrigerii
735 3566 769 3621 et
793 3557 922 3639 quietis.
975 3555 1090 3620 Liceat
1113 3555 1143 3618 ei

237 3657 374 3720 transire
389 3666 502 3740 portas
524 3655 724 3721 infernorum
740 3665 774 3721 et
789 3676 906 3739 poenas
921 3656 1142 3729 tenebrarum,

238 3765 436 3839 maneatque
459 3757 491 3820 in
516 3757 740 3821 mansionibus
756 3765 955 3830 sanctorum,
972 3756 1053 3818 etin
1070 3753 1144 3818 luce

238 3866 359 3934 sancta,
369 3876 444 3938 quae
455 3856 534 3920 olim
546 3856 680 3921 abrahae
692 3855 871 3940 promisisti
882 3863 916 3919 et
930 3854 1047 3918 semini
1063 3854 1142 3918 eius.

238 3954 374 4020 Nullam
394 3956 563 4020 laesionem
586 3957 708 4021 sentiat
730 3956 864 4038 spiritus
888 3956 966 4029 eius,
983 3955 1041 4018 sed
1067 3974 1143 4018 cum

239 4073 379 4139 magnus
394 4054 450 4119 ille
466 4054 537 4119 dies
553 4055 798 4121 resurrectionis
813 4074 853 4117 ac
870 4054 1144 4119 remunerationis

238 4155 418 4231 aduenerit,
434 4157 628 4220 resuscitare
649 4176 725 4219 eum
746 4153 901 4237 digneris,
918 4153 1062 4229 domine,
1079 4174 1144 4217 una

238 4273 311 4318 cum
332 4256 456 4319 sanctis
479 4275 518 4320 ac
540 4255 792 4319 fidelibus'tuis.
838 4253 962 4317 Deleas
977 4255 1007 4317 ei
1023 4252 1145 4318 delicta

239 4363 338 4437 atque
355 4363 492 4437 peccata
509 4374 613 4436 usque
631 4355 663 4417 in
680 4354 897 4418 nouissimum
913 4353 1143 4435 quadrantem,

239 4458 415 4536 tecumque
430 4452 690 4519 immortalitatis
705 4454 810 4518 uitam
826 4461 860 4516 et
875 4472 1014 4535 regnum
1031 4473 1145 4517 conse-

241 4561 359 4634 quatur
373 4562 546 4617 aeternum.
592 4551 687 4616 Peri.

280 4650 365 4716 Alia
379 4651 449 4716 An.
495 4651 687 4736 Ingrediar³
703 4652 737 4716 in
758 4651 867 4715 locum
884 4649 1095 4728 tabernaculi,
1112 4658 1146 4715 et

239 4750 449 4826 admirabilis,
466 4752 628 4835 usquead
644 4752 782 4816 domum
798 4751 862 4815 dei.

280 4849 339 4915 Pr.
364 4849 460 4917 Sicut
476 4871 592 4916 ceruus
607 4851 782 4915 desiderat.

549 4981 706 5065 Sequitur
720 4983 836 5047 oratio.

618 5132 766 5198 Oremus.

284 5257 355 5321 Diri
371 5255 516 5322 uulneris
527 5259 676 5322 nouitate
691 5256 839 5341 perculsi,
852 5265 885 5321 et
897 5255 1145 5339 quodammodo

244 5356 391 5421 cordibus
425 5359 568 5432 sautiati,
607 5356 864 5420 misericordiam
895 5365 998 5433 tuam,
1028 5354 1145 5418 mundi

244 5457 438 5540 redemptor,
469 5455 634 5521 flebilibus
672 5455 810 5520 uocibus
848 5455 1073 5539 imploramus,
1107 5463 1144 5519 ut

299 5645 308 5675 ¹
324 5645 382 5698 Gel.
393 5661 419 5713 Ρ.
434 5657 488 5710 750.
620 5643 631 5675 ¹
647 5644 685 5695 Ib.
699 5655 753 5710 749.
887 5643 897 5674 ³
912 5643 1035 5696 Transibo
1047 5643 1079 5698 V.

1505 589 1576 683 tiu
1599 589 1762 666 urrunnu.
2019 611 2086 663 201

1188 799 1253 866 cari
1270 799 1373 864 nostri
1389 799 1534 866 animam
1551 801 1720 886 proprium
1744 802 1787 870 ad
1811 812 1846 869 te
1867 805 2018 870 datorem
2042 824 2091 869 re·

1189 909 1372 964 uertentem
1388 899 1511 966 blande
1526 901 1708 988 leuiterque
1728 905 1906 988 suscipias;
1931 913 1968 969 ut
1983 905 2011 969 si
2026 925 2092 988 qua

1188 1021 1233 1064 ex
1244 999 1367 1064 carnali
1377 1003 1576 1085 contagione
1588 1005 1755 1068 contraxit
1768 1005 1932 1070 maculam
1943 1012 1989 1077 tu,
2000 1005 2092 1080 deus,

1188 1099 1303 1165 inolita
1325 1101 1475 1165 bonitate
1498 1101 1678 1167 clementer
1692 1103 1814 1182 deleas,
1830 1105 1894 1188 piae
1910 1105 2092 1188 indulgeas,

1188 1199 1345 1265 obliuioni
1373 1201 1618 1285 imperpetuum
1647 1206 1782 1284 tradas;
1819 1215 1922 1289 atque
1952 1206 2092 1270 eandem

1187 1298 1322 1364 laudem
1339 1299 1399 1364 tibi
1416 1321 1490 1366 cum
1507 1303 1623 1367 ceteris
1639 1305 1850 1385 reddituram,
1866 1305 1958 1371 etad
1975 1324 2093 1387 corpus

1188 1401 1388 1484 quandoque
1398 1420 1601 1468 reuersuram
1614 1413 1802 1470 sanctorum
1813 1405 2094 1470 tuorumcoetibus

1188 1501 1361 1584 adgregari
1376 1502 1547 1586 precipias.
1592 1503 1655 1568 Per
1664 1503 1682 1566 ¹.

1427 1679 1479 1742 Et
1484 1681 1622 1761 ponitur
1636 1682 1672 1746 in
1685 1681 1855 1764 sepulchro.

1232 1803 1300 1869 An.
1325 1804 1410 1869 Haec
1426 1805 1556 1888 requies
1572 1826 1646 1870 mea
1668 1806 1702 1871 in
1724 1806 1871 1872 seculum
1894 1806 2017 1886 seculi;
2040 1806 2094 1871 hic

1189 1903 1359 1979 habitabo,
1376 1906 1533 1987 quoniam
1552 1905 1637 1989 elegi
1653 1927 1736 1971 eam.

1233 2003 1292 2068 Ps.
1316 2003 1499 2084 Memento,
1513 2005 1658 2085 domine,
1673 2006 1785 2071 dauid.

1581 2191 1702 2258 brutio.

1235 2299 1386 2378 Oremus,
1401 2299 1517 2366 fratres
1532 2303 1699 2379 carissimi,
1716 2304 1816 2368 deum
1832 2307 2096 2389 omnipotentem

1191 2420 1252 2482 pro
1281 2401 1396 2483 spiritu
1427 2403 1493 2466 cari
1523 2404 1627 2467 nostri
1658 2403 1713 2468 a'll.
1744 2425 1844 2487 quem
1873 2405 2028 2470 dominus
2054 2406 2098 2470 de

1192 2500 1311 2583 laqueo
1333 2500 1431 2566 huius
1454 2501 1566 2566 saeculi
1588 2501 1728 2568 liberare
1751 2504 1907 2587 dignatus
1930 2514 1989 2584 est,
2004 2505 2097 2570 cuius

1192 2599 1422 2688 corpusculum
1452 2599 1554 2666 hodie
1584 2602 1751 2687 sepulture
1777 2605 1927 2678 traditur,
1953 2615 1990 2672 ut
2020 2625 2097 2670 eum

1193 2700 1318 2764 domini
1334 2699 1441 2782 pietas
1457 2701 1542 2766 inter
1553 2712 1685 2768 sanctos
1700 2713 1735 2769 et
1751 2703 1875 2769 electos
1890 2725 1976 2784 suos,
1990 2705 2023 2770 id
2038 2715 2097 2784 est,

1193 2799 1226 2861 in
1242 2799 1315 2863 sinu
1327 2799 1471 2877 abrahae,
1483 2803 1583 2879 isaac,
1595 2812 1629 2866 et
1644 2802 1747 2882 iacob,
1760 2803 1923 2869 collocare
1934 2805 2097 2888 dignetur,

1193 2908 1228 2962 et
1250 2907 1378 2981 partem
1398 2900 1522 2966 habeat
1545 2902 1577 2965 in
1601 2903 1707 2985 prima
1729 2904 1973 2982 resurrectione,
1996 2925 2097 2989 quam

1193 2997 1338 3064 facturus
1354 3021 1397 3080 es,
1413 3001 1667 3084 deprecantibus
1682 3002 1785 3068 nobis.
1831 3003 1918 3068 Pera

1462 3176 1621 3262 Sequitur
1638 3178 1822 3262 antiphona.

1239 3301 1293 3366 De
1316 3310 1403 3366 terra
1426 3302 1596 3385 plasmasti
1620 3325 1682 3380 me,
1701 3313 1735 3368 et
1757 3323 1855 3368 carne
1877 3303 2012 3368 induisti
2036 3324 2098 3383 me,

1195 3403 1386 3486 redemptor
1416 3422 1521 3480 meus,
1543 3404 1685 3482 domine,
1707 3403 1864 3468 resuscita
1893 3424 1948 3467 me
1977 3403 2010 3468 in
2040 3423 2099 3468 no·

1196 3502 1331 3565 urssimo
1345 3503 1410 3567 die.

1239 3605 1298 3669 Pr.
1321 3605 1476 3686 Domine,
1492 3607 1649 3690 probasti.

1575 3770 1722 3836 Oremus.

1241 3880 1336 3966 Opus
1358 3883 1589 3948 misericordiae
1603 3893 1671 3947 tuae
1688 3893 1746 3958 est,
1763 3892 1858 3968 pater
1879 3885 2099 3967 omnipotens,

1196 3994 1321 4052 aeterne
1343 3988 1433 4064 deus,
1452 3989 1559 4070 rogari
1581 4007 1640 4070 pro
1658 3986 1738 4063 aliis,
1755 3988 1811 4071 qui
1833 4008 1893 4070 pro
1916 3987 2012 4052 nobis
2035 4009 2101 4052 non

1197 4088 1385 4152 sufficimus.
1432 4085 1580 4170 Suscipe,
1597 4088 1741 4163 domine,
1757 4087 1903 4151 animam
1923 4086 2037 4152 famuli
2052 4089 2101 4152 tui

1198 4187 1253 4252 ill.
1279 4196 1498 4251 reuertentem
1523 4186 1567 4251 ad
1590 4197 1644 4266 te3
1671 4186 1758 4251 adsit
1783 4187 1812 4252 ei
1838 4186 1976 4271 angelus
2000 4197 2101 4252 testa-

1198 4287 1302 4352 menti
1331 4288 1380 4350 tui
1413 4285 1597 4366 michahel;
1631 4286 1734 4351 libera
1765 4307 1848 4365 eam,
1878 4288 2020 4365 domine,
2056 4288 2102 4351 de

1197 4387 1399 4471 principibus
1410 4386 1629 4464 tenebrarum,
1645 4395 1678 4451 et
1693 4387 1736 4451 de
1751 4386 1832 4451 locis
1847 4406 2039 4469 poenarum3
2059 4406 2102 4451 ne

1198 4485 1340 4551 famulus
1356 4495 1432 4550 tuus
1446 4484 1501 4549 tlt.
1518 4487 1622 4569 prime
1638 4487 1820 4551 natiuitatis
1836 4485 1889 4550 uel
1905 4487 2101 4569 ignorantiae

1198 4585 1419 4651 confundatur
1456 4586 1642 4663 erroribus;
1686 4595 1886 4670 agnoscatur
1912 4606 1933 4650 a
1962 4587 2036 4662 tuis,
2067 4594 2102 4650 et

1198 4685 1421 4751 misericordia
1442 4685 1602 4750 bonitatis
1624 4694 1682 4766 tue
1697 4685 1740 4748 ad
1763 4683 1874 4748 locum
1896 4683 2052 4768 refrigerii
2067 4691 2102 4749 et

1199 4785 1319 4868 quietis
1334 4785 1367 4848 in
1383 4785 1456 4848 sinu
1472 4782 1686 4849 transferatur
1700 4783 1844 4848 abrahae.
1889 4783 1960 4848 Per.

1370 5008 1534 5075 oratum
1555 5014 1625 5091 pust
1646 5010 1796 5092 sepultum
1816 5023 1930 5086 tumus.

1242 5143 1402 5208 Debitum
1424 5143 1561 5208 humani
1584 5145 1730 5226 corporis
1752 5139 1932 5225 sepeliendi
1956 5139 2100 5204 officium

1198 5241 1345 5307 fidelium
1360 5263 1450 5307 more
1465 5243 1678 5326 complentes,
1689 5243 1789 5307 deum
1801 5243 1853 5306 cui
1862 5241 1973 5306 omnia
1985 5241 2101 5303 uiuunt

1197 5341 1339 5408 fideliter
1363 5344 1585 5427 deprecemur,
1610 5353 1648 5407 ut
1674 5342 1738 5406 hoc
1760 5361 1879 5425 corpus
1902 5340 1968 5405 cari
1996 5339 2100 5403 nostri

1196 5441 1253 5507 tlt.
1274 5464 1295 5508 a
1319 5442 1414 5508 nobis
1436 5442 1469 5505 in
1494 5441 1686 5507 infirmitate
1717 5441 1894 5524 sepultum,
1915 5440 1947 5504 in
1979 5439 2100 5502 uirtute

1553 5641 1562 5672 ¹
1579 5640 1636 5696 cu.
1648 5659 1673 5712 a·
1686 5653 1742 5709 ur·

1728 5750 1754 5801 o
1772 5727 1798 5801 d
