5122 6610
433 603 506 656 200

750 582 1001 678 &mmmm

520 831 681 899 brettones
703 836 820 915 quantu
841 831 991 916 lrclpoirt
1011 846 1114 914 eorpus
1135 832 1244 898 lauert.

476 966 623 1051 Suscipe,
637 967 782 1043 domine,
798 967 944 1032 animam
967 966 1053 1031 serui
1076 965 1125 1029 tui
1147 963 1202 1030 tlt.
1225 985 1333 1029 reuer-

432 1077 558 1132 tentem
577 1068 621 1132 ad
644 1078 698 1147 te;
722 1076 815 1133 ueste
838 1067 960 1134 caelesti
976 1068 1075 1131 indue
1097 1087 1180 1140 eam,
1202 1073 1236 1129 et
1259 1064 1334 1128 laua

431 1187 505 1231 eam
522 1178 637 1233 sancto
652 1167 745 1233 sonte
760 1169 828 1250 uite
840 1177 982 1248 aeterne3
999 1177 1037 1233 ut
1053 1168 1137 1232 inter
1150 1167 1333 1249 gaudentes

431 1267 585 1349 gaudeat,
609 1277 643 1332 et
667 1268 752 1333 inter
773 1269 940 1353 sapientes
963 1268 1079 1351 sapiat,
1095 1275 1129 1331 et
1147 1266 1233 1328 inter
1249 1283 1334 1327 mar·

431 1367 508 1431 tires
531 1369 717 1448 consedeat,
740 1378 774 1433 et
797 1369 882 1434 inter
898 1366 1101 1452 patriarchas
1124 1364 1282 1450 proficiat,
1300 1372 1334 1428 et

431 1467 517 1531 inter
530 1469 709 1551 prophetas
731 1479 766 1534 et
784 1468 952 1553 apostolos
974 1469 1132 1534 christum
1155 1465 1247 1548 sequi
1265 1473 1333 1528 stu·

430 1567 519 1642 deat,
536 1577 570 1632 et
591 1569 678 1633 inter
694 1569 831 1653 angelos
854 1579 887 1634 et
909 1568 1125 1653 archangelos
1150 1565 1332 1629 claritatem

357 1713 361 1720 -
430 1666 485 1731 dei
515 1669 695 1750 preuideat,
719 1679 753 1734 et
775 1669 861 1735 inter
881 1670 1037 1754 para'dysi
1067 1666 1184 1732 rutilos
1204 1663 1333 1746 lapides

430 1767 589 1849 gaudium
618 1769 795 1853 possideat,
821 1780 855 1836 et
883 1763 1067 1858 notitia[m]
1099 1765 1332 1848 mysteriorum

431 1865 485 1929 dei
500 1878 676 1952 agnoscat3
700 1879 734 1934 et
748 1871 833 1935 inter
846 1869 1003 1936 cherubin
1013 1879 1054 1933 ·et
1069 1863 1223 1949 seraphin
1239 1862 1333 1926 clari-

431 1975 536 2032 tatem
558 1969 612 2033 dei
636 1970 791 2046 inueniat,
816 1981 851 2036 et
873 1971 959 2036 inter
980 1967 1097 2052 uiginti
1120 1975 1153 2030 et
1176 1971 1334 2048 quattuor

343 2083 349 2098 ·
430 2069 576 2134 seniores
598 2070 728 2136 cantica
752 2072 954 2136 canticorum
975 2068 1097 2145 audiat,
1120 2073 1153 2130 et
1179 2065 1264 2128 inter
1284 2062 1332 2125 la·

431 2177 550 2234 uantes
576 2170 680 2235 stolas
702 2171 734 2235 in
756 2171 849 2237 fonte
871 2171 1004 2235 luminis
1026 2169 1116 2233 lauet
1139 2173 1276 2241 uestem,
1299 2172 1333 2226 et

430 2269 517 2335 inter
539 2270 709 2354 pulsantes
734 2272 868 2356 pulsans
893 2279 1005 2354 portas
1031 2277 1162 2352 apertas
1193 2263 1333 2329 caelestis

430 2369 627 2436 hierusalem
643 2371 815 2455 repperiat,
828 2380 863 2436 et
874 2371 960 2435 inter
970 2369 1121 2434 uidentes
1133 2367 1234 2431 deum
1249 2363 1333 2427 facie

430 2469 474 2533 ad
504 2469 622 2536 faciem
648 2472 769 2547 uideat,
795 2481 829 2536 et
850 2472 936 2535 inter
965 2477 1137 2535 cantantes
1167 2463 1331 2530 canticum

431 2589 553 2633 nouum
578 2578 699 2649 cantet,
714 2579 747 2636 et
762 2570 848 2636 inter
862 2569 1034 2635 audientes
1053 2567 1205 2632 auditum
1221 2562 1332 2629 caeles-

430 2678 499 2733 tem
514 2671 638 2735 audiat.
684 2669 788 2736 Per1.l

630 2787 632 2793 ·
833 2755 924 2821 Alia.

475 2870 574 2950 Deus,
587 2871 643 2953 qui
658 2870 751 2936 iustis
766 2868 1061 2954 supplicationibus
1075 2885 1207 2950 semper
1221 2871 1333 2947 presto

431 2989 474 3047 es,
497 2970 553 3052 qui
573 2972 628 3054 pia
649 2979 729 3035 uota
750 2969 895 3053 dignaris
917 2967 1044 3045 intueri,
1065 2967 1109 3031 da
1128 2963 1253 3030 famulo
1274 2972 1332 3028 tuo

430 3067 485 3134 ‚itt
502 3069 592 3134 cuius
607 3069 823 3154 depositionis
838 3071 892 3135 die
912 3068 1020 3133 officia
1042 3066 1239 3150 peragimus,
1256 3083 1332 3128 cum

431 3170 554 3234 sanctis
568 3177 602 3234 et
617 3169 730 3235 electis
744 3169 834 3234 beati
851 3169 995 3233 muneris
1010 3166 1208 3250 portionem.
1236 3164 1321 3228 Per.t

833 3318 925 3384 Alia.

473 3435 575 3509 Deus,
591 3433 670 3498 uitae
685 3433 791 3508 dator,
807 3438 841 3497 et
855 3429 1074 3495 humanorum
1091 3448 1265 3511 corporum
1284 3447 1333 3490 re·

431 3542 572 3617 parator,
595 3534 652 3616 qui
675 3543 709 3598 te
730 3553 751 3597 a
772 3529 1001 3616 peccatoribus
1023 3528 1153 3594 exorari
1179 3527 1333 3606 uoluisti;

431 3633 555 3698 exaudi
569 3653 683 3716 preces
698 3653 789 3716 quas,
802 3630 935 3714 speciali
951 3628 1136 3718 deuotione,
1148 3649 1207 3712 pro
1222 3627 1334 3690 anima

430 3731 545 3797 famuli
570 3731 619 3796 tui
644 3729 698 3796 tlt.
725 3731 785 3796 tibi
811 3728 1055 3795 lacrimabiliter
1075 3727 1264 3804 fundimus;
1298 3736 1335 3791 ut

431 3833 569 3897 liberare
578 3852 654 3896 eum
662 3831 705 3894 ab
715 3831 891 3910 inferorum
906 3828 1110 3905 cruciatibus,
1126 3835 1159 3892 et
1175 3824 1335 3890 collocare

431 3932 517 3996 inter
531 3931 666 4014 agmina
687 3940 876 3995 sanctorum
898 3939 1031 3994 tuorum
1053 3925 1217 4010 digneris3
1240 3933 1334 3989 ueste

431 4051 564 4115 quoque
586 4029 719 4105 caelesti,
736 4038 769 4096 et
789 4028 875 4094 stola
897 4025 1156 4091 immortalitatis
1179 4023 1280 4100 indui,
1300 4034 1334 4090 et

432 4130 587 4213 paradysi
601 4129 797 4195 amoenitate
808 4125 973 4194 conloueri
988 4124 1111 4190 iubeas.
1135 4123 1198 4188 Per
1207 4123 1333 4189 ihesum

431 4229 589 4295 christum
604 4230 777 4294 dominum
793 4237 953 4294 nostrum.

430 4354 482 4420 Et
487 4363 564 4436 post
576 4352 771 4419 laetationem
785 4351 928 4433 corporis
941 4347 1112 4431 deseratur
1123 4346 1158 4411 r'n
1172 4344 1334 4410 ecclesiam

472 4473 545 4517 cum
567 4451 752 4534 anrptonts
765 4440 1063 4537 etrespo[nso]rr'r's,
1078 4457 1196 4511 etcum
1218 4445 1333 4528 adpro-

466 4551 704 4635 pinquauerint
719 4548 851 4614 ecclesie
863 4556 994 4612 cantent
997 4544 1174 4630 psalmum.

476 4677 635 4742 Miserere
650 4675 740 4753 mihi,
756 4675 846 4742 deus.

475 4777 599 4860 Kyrrie
616 4775 750 4841 eleison.

476 4878 574 4942 Pater
588 4884 710 4941 noster.

475 4977 554 5042 Non
569 4976 670 5041 intres
685 4975 718 5039 in
736 4973 902 5038 iudicium.

477 5073 587 5140 Credo
602 5075 714 5139 uidere
728 5072 864 5138 bonum.

475 5174 511 5237 A
527 5185 624 5258 porta
638 5172 742 5237 inferi.

477 5275 677 5358 Requiescat
692 5273 725 5337 in
741 5291 834 5355 pace.
877 5268 1001 5334 Amen.

809 5419 957 5485 Oremus.

474 5531 621 5617 Suscipe,
632 5533 775 5612 domine,
783 5551 912 5596 seruum
923 5539 1017 5595 tuum
1028 5527 1084 5595 .r'll.
1094 5527 1127 5592 in
1139 5529 1265 5592 bonum
1274 5524 1334 5590 ha·

837 5671 847 5706 ¹
861 5671 917 5725 Gel.
929 5688 954 5740 p.
964 5671 1023 5738 ¹74⁸·

1723 581 1791 675 ἱβῐῦ
1807 581 1971 658 uerutis

1384 782 1566 848 bitaculum
1581 781 1750 862 aeternum,
1765 791 1800 847 et
1814 781 1858 846 da
1878 781 1907 846 ei
1924 779 2069 864 requiem
2085 789 2119 847 et
2141 803 2288 868 regnum,

1385 884 1419 949 id
1436 893 1494 962 est,
1504 881 1701 948 hierusalem
1711 882 1899 961 caelestem
1915 891 1949 947 et
1964 883 1997 946 in
2012 881 2135 946 sinibus
2149 884 2287 966 patriar-

1385 982 1521 1050 charum
1545 995 1740 1064 nostrorum,
1756 985 1790 1049 id
1805 993 1865 1064 est,
1880 981 2022 1061 abrahae,
2037 981 2125 1047 isaac
2144 994 2179 1047 et
2193 983 2288 1049 iacob

1386 1085 1546 1151 collocare
1573 1086 1736 1170 digneris;
1769 1095 1802 1151 et
1823 1094 1954 1169 partem
1979 1083 2102 1148 habeat
2124 1083 2158 1147 in
2180 1083 2287 1167 prima

1386 1184 1640 1264 resurrectione3
1664 1196 1698 1251 et
1720 1185 1807 1251 iuter
1820 1191 1992 1268 surgentes
2010 1190 2130 1265 surgat,
2146 1191 2180 1247 et
2202 1184 2287 1252 inter

1385 1286 1600 1369 suscipientes
1620 1307 1756 1369 corpora
1778 1286 1811 1349 in
1834 1287 1889 1350 die
1909 1283 2153 1348 resurrectionis
2168 1305 2286 1367 corpus

1385 1405 1481 1450 suum
1501 1387 1667 1469 suscipiat,
1684 1395 1717 1451 et
1740 1406 1815 1450 cum
1838 1385 2020 1450 benedictis
2046 1388 2089 1451 ad
2112 1386 2287 1450 dexteram

1384 1487 1488 1568 patris
1517 1486 1725 1551 uenientibus
1751 1486 1872 1562 ueniat,
1903 1495 1938 1551 et
1966 1485 2051 1551 inter
2079 1486 2286 1570 possidentes

1385 1587 1489 1651 uitam
1504 1596 1663 1652 aeternam
1679 1587 1855 1670 possideat.
1901 1587 1963 1652 Per
1973 1586 2010 1649 ¹³

1788 1759 1880 1826 Alta.

1429 1889 1531 1966 Deus,
1570 1891 1627 1974 qui
1666 1889 1885 1955 humanarum
1922 1887 2106 1953 animarum
2142 1897 2286 1952 aetemus

1385 2000 1515 2055 amator
1537 2010 1581 2069 es,
1604 1992 1749 2054 animam
1776 1990 1890 2055 famuli
1916 1990 1964 2054 tui
1992 1987 2048 2054 tlt.
2070 2009 2169 2073 quarn
2196 2008 2284 2064 uera,

1385 2090 1466 2154 dum
1490 2091 1524 2156 in
1551 2093 1687 2174 corpore
1710 2100 1867 2170 maneret,
1887 2090 1994 2155 tenuit
2017 2089 2108 2166 fides,
2128 2089 2171 2154 ab
2194 2089 2285 2153 omni

1386 2192 1529 2256 cruciatu
1550 2191 1726 2257 inferorum
1742 2191 1843 2256 redde
1860 2198 2036 2268 extorrem,
2051 2200 2090 2254 ut
2110 2196 2285 2272 segregata

1384 2289 1427 2354 ab
1465 2289 1677 2357 infernalibus
1713 2290 1873 2370 claustrie,
1902 2299 2090 2355 sanctorum
2121 2298 2286 2355 mereatur

1384 2389 1521 2455 adunari
1537 2391 1718 2457 consortiis.
1763 2391 1850 2455 Per.l

1383 2511 1427 2578 Ire
1440 2514 1568 2580 ecclesia
1587 2525 1695 2581 autem
1710 2516 1888 2597 requiescat
1906 2523 2018 2595 corpus
2038 2511 2190 2594 defaecati,
2209 2533 2286 2594 quo-

1427 2635 1525 2696 usque
1538 2625 1602 2698 pro
1622 2615 1692 2678 eius
1713 2615 1827 2680 anima
1847 2616 1950 2679 missa
1965 2611 2144 2687 celebretur,
2159 2620 2193 2676 et
2208 2610 2283 2692 effl-

1427 2723 1525 2778 ratur
1546 2713 1586 2778 ab
1608 2713 1755 2778 omnibus
1775 2713 1891 2796 quibus
1916 2714 2025 2778 uisum
2041 2710 2160 2794 suerit.
2204 2712 2288 2775 Post

1427 2813 1563 2877 messam
1576 2822 1684 2877 autem
1697 2823 1768 2879 stat
1778 2814 1925 2878 sacerdos
1940 2814 2032 2879 iuxta
2037 2810 2214 2893 feretrum,
2229 2811 2287 2875 ubi

1426 2923 1537 2996 corpus
1550 2923 1608 2990 est,
1623 2923 1656 2978 et
1666 2912 1757 2978 detat
1768 2913 1945 2980 orationem
1958 2910 2042 2978 hanc
2050 2938 2062 2975 .·

1764 3087 1908 3153 Oremus.

1428 3211 1675 3296 Omnipotentis
1701 3213 1754 3278 dei
1783 3211 2037 3276 misericordiam
2060 3212 2283 3295 deprecemur,

1384 3312 1475 3377 cuius
1490 3313 1610 3378 iudicio
1624 3322 1683 3378 aut
1694 3313 1858 3377 nascimur
1867 3320 1925 3376 aut
1937 3311 2075 3387 finimur,
2085 3320 2122 3376 ut
2134 3311 2284 3394 spiritum

1384 3411 1492 3478 fratris
1507 3413 1609 3478 nostri
1626 3411 1681 3477 .ill.
1696 3432 1796 3496 quem
1814 3413 1939 3478 domini
1961 3411 2068 3494 pietas
2082 3410 2125 3474 de
2139 3411 2284 3476 incolatu

1382 3511 1479 3577 huius
1509 3512 1624 3577 mundi
1655 3512 1793 3577 transire
1822 3513 1979 3596 precepit,
2003 3510 2131 3594 requies
2160 3519 2283 3574 aeterna

1383 3611 1549 3694 suscipiat,
1565 3620 1690 3676 etcum
1710 3611 1809 3676 beata
1825 3609 2058 3675 resurrectione
2073 3617 2285 3694 representet,

1384 3721 1418 3776 et
1436 3713 1470 3774 in
1486 3711 1612 3775 sinibus
1626 3708 1760 3794 abrahe,
1770 3711 1870 3791 isaac,
1883 3719 1917 3776 et
1928 3709 2024 3776 iacob
2035 3708 2196 3774 collocare
2210 3707 2283 3792 dig-

1385 3821 1488 3877 netur.
1534 3809 1627 3875 Perl.

1629 3968 1788 4052 Sequitur
1801 3967 2043 4051 responsorium.

1427 4094 1471 4157 R.
1495 4093 1685 4173 Subuenite,
1703 4095 1808 4160 sancti
1824 4093 1894 4174 dei;
1915 4093 2084 4171 occurrite,
2099 4091 2208 4175 angeli
2224 4092 2284 4157 do-

1384 4194 1481 4273 mini;
1497 4194 1711 4278 suscipientes
1723 4195 1868 4258 animam
1886 4193 1965 4268 eius,
1981 4191 2144 4258 olereutes
2159 4212 2234 4258 eam
2251 4193 2285 4256 in

1384 4303 1563 4376 conspectu
1579 4293 1741 4359 altissimi.

1437 4394 1475 4460 V.
1499 4394 1662 4478 Requiem
1677 4402 1836 4458 aetemam
1852 4393 1941 4459 dona
1956 4393 1995 4472 ei,
2012 4391 2158 4469 domine,
2174 4403 2208 4458 et
2225 4393 2298 4477 lux,

1385 4501 1545 4578 perpetua
1560 4492 1668 4559 luceat
1684 4494 1723 4560 ei.

1429 4592 1626 4660 Offerentes.

1665 4679 1719 4744 Et
1731 4689 1797 4744 tres
1813 4679 1898 4744 ur‘ces
1910 4677 2014 4743 dr'ces:

1430 4805 1553 4889 Kyrrie
1568 4804 1712 4888 eleyson.

1764 4902 1911 4970 Orernus.

1430 5029 1540 5093 Deum
1563 5028 1705 5093 iudicem
1730 5025 1960 5103 uniuersitatis,
1983 5024 2083 5089 deum
2105 5022 2287 5088 caelestium

1387 5136 1420 5192 et
1451 5127 1654 5192 terrestrium
1685 5135 1718 5192 et
1747 5126 1956 5203 inlemorum,
1982 5125 2197 5206 deprecemur
2227 5143 2288 5206 pro

1385 5227 1501 5311 spiritu
1517 5227 1581 5290 cari
1598 5227 1700 5291 nostri
1713 5223 1769 5291 tlt.
1780 5235 1817 5291 ut
1832 5246 1908 5290 eum
1923 5223 2078 5289 dominus
2090 5223 2123 5287 in
2139 5223 2287 5306 requiem

1385 5326 1546 5392 collocare
1570 5326 1734 5409 dignetur,
1759 5325 1850 5389 etin
1875 5333 1971 5408 parte
1997 5323 2103 5405 prime
2127 5341 2289 5388 resurrec-

1386 5425 1486 5492 tionis
1499 5425 1682 5489 resuscitat.
1730 5424 1791 5488 Per
1801 5422 1825 5486 ³.

1419 5588 1427 5620 ¹
1443 5587 1469 5639 S.
1481 5587 1596 5646 Manual,
1609 5605 1634 5656 p.
1647 5585 1689 5640 60.

1421 5665 1611 5735 'Gelanos
2033 5661 2153 5729 ⁸Ge1.p.
2166 5673 2223 5730 749·
