<?xml version="1.0" encoding="UTF-8"?>
<!DOCTYPE html PUBLIC "-//W3C//DTD XHTML 1.0 Transitional//EN"
    "http://www.w3.org/TR/xhtml1/DTD/xhtml1-transitional.dtd">
<html xmlns="http://www.w3.org/1999/xhtml" xml:lang="en" lang="en">
 <head>
  <title>
</title>
<meta http-equiv="Content-Type" content="text/html;charset=utf-8" />
  <meta name='ocr-system' content='tesseract 3.04.00' />
  <meta name='ocr-capabilities' content='ocr_page ocr_carea ocr_par ocr_line ocrx_word'/>
</head>
<body>
  <div class='ocr_page' id='page_1' title='image "./leofricmissalas00cathgoog_0367.png"; bbox 0 0 5116 6608; ppageno 0'>
   <div class='ocr_carea' id='block_1_1' title="bbox 441 587 510 657">
    <p class='ocr_par' dir='ltr' id='par_1_1' title="bbox 441 587 510 657">
     <span class='ocr_line' id='line_1_1' title="bbox 441 587 510 657; baseline 0.014 -21"><span class='ocrx_word' id='word_1_1' title='bbox 441 587 510 657; x_wconf 86' lang='lat'>29²</span> 
     </span>
    </p>
   </div>
   <div class='ocr_carea' id='block_1_2' title="bbox 577 789 1202 870">
    <p class='ocr_par' dir='ltr' id='par_1_2' title="bbox 577 789 1202 870">
     <span class='ocr_line' id='line_1_2' title="bbox 577 789 1202 870; baseline 0.003 -18"><span class='ocrx_word' id='word_1_2' title='bbox 577 789 642 869; x_wconf 61' lang='lat' dir='ltr'>itm</span> <span class='ocrx_word' id='word_1_3' title='bbox 663 807 726 870; x_wconf 73' lang='lat' dir='ltr'>tant</span> <span class='ocrx_word' id='word_1_4' title='bbox 748 795 773 854; x_wconf 90' lang='lat' dir='ltr'>tt</span> <span class='ocrx_word' id='word_1_5' title='bbox 794 791 893 870; x_wconf 73' lang='lat' dir='ltr'>ttntna</span> <span class='ocrx_word' id='word_1_6' title='bbox 914 793 960 854; x_wconf 84' lang='lat' dir='ltr'>ml</span> <span class='ocrx_word' id='word_1_7' title='bbox 983 792 1054 856; x_wconf 79' lang='lat' dir='ltr'>filiis</span> <span class='ocrx_word' id='word_1_8' title='bbox 1076 796 1202 856; x_wconf 69' lang='lat' dir='ltr'>terunt</span> 
     </span>
    </p>
   </div>
   <div class='ocr_carea' id='block_1_3' title="bbox 438 910 1343 2007">
    <p class='ocr_par' dir='ltr' id='par_1_3' title="bbox 438 910 1343 2007">
     <span class='ocr_line' id='line_1_3' title="bbox 480 910 1342 991; baseline 0.003 -20"><span class='ocrx_word' id='word_1_9' title='bbox 480 910 517 971; x_wconf 90' lang='lat' dir='ltr'>U.</span> <span class='ocrx_word' id='word_1_10' title='bbox 538 911 575 971; x_wconf 92' lang='lat' dir='ltr'>D.</span> <span class='ocrx_word' id='word_1_11' title='bbox 598 922 705 971; x_wconf 86' lang='lat' dir='ltr'>aeterne</span> <span class='ocrx_word' id='word_1_12' title='bbox 732 910 812 970; x_wconf 91' lang='lat' dir='ltr'>deus.</span> <span class='ocrx_word' id='word_1_13' title='bbox 855 911 1040 972; x_wconf 82' lang='lat' dir='ltr'>Maiestatem</span> <span class='ocrx_word' id='word_1_14' title='bbox 1068 925 1147 972; x_wconf 86' lang='lat' dir='ltr'>tuam</span> <span class='ocrx_word' id='word_1_15' title='bbox 1176 913 1342 991; x_wconf 88' lang='lat' dir='ltr'><strong>suppliciter</strong></span> 
     </span>
     <span class='ocr_line' id='line_1_4' title="bbox 439 1006 1342 1084; baseline 0.002 -20"><span class='ocrx_word' id='word_1_16' title='bbox 439 1019 602 1078; x_wconf 86' lang='lat' dir='ltr'>exorantes,</span> <span class='ocrx_word' id='word_1_17' title='bbox 617 1019 648 1064; x_wconf 93' lang='lat' dir='ltr'>ut</span> <span class='ocrx_word' id='word_1_18' title='bbox 670 1006 708 1064; x_wconf 93' lang='lat' dir='ltr'>ab</span> <span class='ocrx_word' id='word_1_19' title='bbox 729 1007 852 1065; x_wconf 91' lang='lat' dir='ltr'>ecclesia</span> <span class='ocrx_word' id='word_1_20' title='bbox 873 1017 923 1064; x_wconf 86' lang='lat' dir='ltr'>tua</span> <span class='ocrx_word' id='word_1_21' title='bbox 943 1007 1082 1084; x_wconf 91' lang='lat' dir='ltr'>quicquid</span> <span class='ocrx_word' id='word_1_22' title='bbox 1103 1018 1147 1066; x_wconf 90' lang='lat' dir='ltr'>est</span> <span class='ocrx_word' id='word_1_23' title='bbox 1168 1008 1289 1067; x_wconf 87' lang='lat' dir='ltr'>noxium</span> <span class='ocrx_word' id='word_1_24' title='bbox 1311 1019 1342 1066; x_wconf 89' lang='lat' dir='ltr'>tu</span> 
     </span>
     <span class='ocr_line' id='line_1_5' title="bbox 439 1100 1340 1177; baseline 0.006 -20"><span class='ocrx_word' id='word_1_25' title='bbox 439 1100 570 1177; x_wconf 91' lang='lat' dir='ltr'>repellas,</span> <span class='ocrx_word' id='word_1_26' title='bbox 599 1109 627 1158; x_wconf 91' lang='lat' dir='ltr'>et</span> <span class='ocrx_word' id='word_1_27' title='bbox 656 1101 794 1177; x_wconf 90' lang='lat' dir='ltr'>quicquid</span> <span class='ocrx_word' id='word_1_28' title='bbox 822 1101 918 1160; x_wconf 91' lang='lat' dir='ltr'>eidem</span> <span class='ocrx_word' id='word_1_29' title='bbox 953 1102 1078 1161; x_wconf 91' lang='lat' dir='ltr'>salutare</span> <span class='ocrx_word' id='word_1_30' title='bbox 1113 1111 1158 1161; x_wconf 91' lang='lat' dir='ltr'>est</span> <span class='ocrx_word' id='word_1_31' title='bbox 1192 1102 1340 1177; x_wconf 82' lang='lat' dir='ltr'>largiaris3</span> 
     </span>
     <span class='ocr_line' id='line_1_6' title="bbox 439 1193 1343 1272; baseline 0.002 -21"><span class='ocrx_word' id='word_1_32' title='bbox 439 1193 562 1271; x_wconf 89' lang='lat' dir='ltr'><strong>Nosque</strong></span> <span class='ocrx_word' id='word_1_33' title='bbox 582 1193 771 1254; x_wconf 92' lang='lat' dir='ltr'>humilitatem</span> <span class='ocrx_word' id='word_1_34' title='bbox 791 1196 898 1254; x_wconf 82' lang='lat' dir='ltr'>tribuas</span> <span class='ocrx_word' id='word_1_35' title='bbox 918 1195 1117 1256; x_wconf 85' lang='lat' dir='ltr'>rationabilem</span> <span class='ocrx_word' id='word_1_36' title='bbox 1132 1196 1276 1255; x_wconf 90' lang='lat' dir='ltr'>custodire</span> <span class='ocrx_word' id='word_1_37' title='bbox 1290 1214 1343 1272; x_wconf 89' lang='lat' dir='ltr'>per</span> 
     </span>
     <span class='ocr_line' id='line_1_7' title="bbox 438 1288 1342 1367; baseline 0.002 -21"><span class='ocrx_word' id='word_1_38' title='bbox 438 1289 560 1364; x_wconf 79' lang='lat' dir='ltr'>gratiam</span> <span class='ocrx_word' id='word_1_39' title='bbox 575 1299 654 1346; x_wconf 87' lang='lat' dir='ltr'>tuam</span> <span class='ocrx_word' id='word_1_40' title='bbox 670 1288 827 1349; x_wconf 91' lang='lat' dir='ltr'>clementer</span> <span class='ocrx_word' id='word_1_41' title='bbox 842 1290 994 1367; x_wconf 89' lang='lat' dir='ltr'>impendis.</span> <span class='ocrx_word' id='word_1_42' title='bbox 1036 1289 1075 1348; x_wconf 91' lang='lat' dir='ltr'>Et</span> <span class='ocrx_word' id='word_1_43' title='bbox 1096 1290 1158 1367; x_wconf 91' lang='lat' dir='ltr'>regi</span> <span class='ocrx_word' id='word_1_44' title='bbox 1175 1301 1275 1350; x_wconf 91' lang='lat' dir='ltr'>nostro</span> <span class='ocrx_word' id='word_1_45' title='bbox 1290 1289 1342 1348; x_wconf 90' lang='lat' dir='ltr'>.N.</span> 
     </span>
     <span class='ocr_line' id='line_1_8' title="bbox 439 1382 1343 1461; baseline 0.003 -21"><span class='ocrx_word' id='word_1_46' title='bbox 439 1393 467 1441; x_wconf 92' lang='lat' dir='ltr'>et</span> <span class='ocrx_word' id='word_1_47' title='bbox 481 1383 590 1458; x_wconf 88' lang='lat' dir='ltr'>reginae</span> <span class='ocrx_word' id='word_1_48' title='bbox 606 1382 657 1442; x_wconf 91' lang='lat' dir='ltr'>.N.</span> <span class='ocrx_word' id='word_1_49' title='bbox 671 1401 738 1442; x_wconf 91' lang='lat' dir='ltr'>curn</span> <span class='ocrx_word' id='word_1_50' title='bbox 753 1384 881 1455; x_wconf 68' lang='lat' dir='ltr'>liliisne]</span> <span class='ocrx_word' id='word_1_51' title='bbox 895 1385 1006 1461; x_wconf 89' lang='lat' dir='ltr'>populo</span> <span class='ocrx_word' id='word_1_52' title='bbox 1021 1384 1188 1456; x_wconf 72' lang='lat' dir='ltr'>christiano</span> <span class='ocrx_word' id='word_1_53' title='bbox 1199 1387 1236 1444; x_wconf 94' lang='lat' dir='ltr'>ab</span> <span class='ocrx_word' id='word_1_54' title='bbox 1248 1386 1343 1460; x_wconf 90' lang='lat' dir='ltr'>operi-</span> 
     </span>
     <span class='ocr_line' id='line_1_9' title="bbox 438 1477 1342 1556; baseline 0.002 -22"><span class='ocrx_word' id='word_1_55' title='bbox 438 1477 494 1535; x_wconf 87' lang='lat' dir='ltr'>bus</span> <span class='ocrx_word' id='word_1_56' title='bbox 517 1477 622 1552; x_wconf 90' lang='lat' dir='ltr'>iniquis</span> <span class='ocrx_word' id='word_1_57' title='bbox 646 1477 800 1553; x_wconf 86' lang='lat' dir='ltr'>dignanter</span> <span class='ocrx_word' id='word_1_58' title='bbox 824 1480 984 1555; x_wconf 87' lang='lat' dir='ltr'>expedias;</span> <span class='ocrx_word' id='word_1_59' title='bbox 1014 1477 1052 1536; x_wconf 92' lang='lat' dir='ltr'>Et</span> <span class='ocrx_word' id='word_1_60' title='bbox 1077 1498 1131 1537; x_wconf 92' lang='lat' dir='ltr'>nec</span> <span class='ocrx_word' id='word_1_61' title='bbox 1159 1479 1342 1556; x_wconf 88' lang='lat' dir='ltr'>propriorum</span> 
     </span>
     <span class='ocr_line' id='line_1_10' title="bbox 439 1571 1343 1650; baseline 0.003 -21"><span class='ocrx_word' id='word_1_62' title='bbox 439 1571 515 1630; x_wconf 89' lang='lat' dir='ltr'>feriri</span> <span class='ocrx_word' id='word_1_63' title='bbox 528 1571 646 1649; x_wconf 90' lang='lat' dir='ltr'>patiaris</span> <span class='ocrx_word' id='word_1_64' title='bbox 662 1589 793 1644; x_wconf 83' lang='lat' dir='ltr'>excessu,</span> <span class='ocrx_word' id='word_1_65' title='bbox 810 1591 864 1630; x_wconf 91' lang='lat' dir='ltr'>nec</span> <span class='ocrx_word' id='word_1_66' title='bbox 878 1572 979 1631; x_wconf 91' lang='lat' dir='ltr'>alienis</span> <span class='ocrx_word' id='word_1_67' title='bbox 996 1573 1193 1648; x_wconf 87' lang='lat' dir='ltr'>impietatibus</span> <span class='ocrx_word' id='word_1_68' title='bbox 1214 1574 1343 1650; x_wconf 86' lang='lat' dir='ltr'>praebere</span> 
     </span>
     <span class='ocr_line' id='line_1_11' title="bbox 439 1664 1342 1726; baseline 0.002 -4"><span class='ocrx_word' id='word_1_69' title='bbox 439 1682 625 1723; x_wconf 89' lang='lat' dir='ltr'>consensum.</span> <span class='ocrx_word' id='word_1_70' title='bbox 670 1664 728 1724; x_wconf 92' lang='lat' dir='ltr'>Sed</span> <span class='ocrx_word' id='word_1_71' title='bbox 742 1684 841 1724; x_wconf 89' lang='lat' dir='ltr'>mores</span> <span class='ocrx_word' id='word_1_72' title='bbox 858 1679 974 1726; x_wconf 89' lang='lat' dir='ltr'>nostros</span> <span class='ocrx_word' id='word_1_73' title='bbox 989 1684 1025 1726; x_wconf 91' lang='lat' dir='ltr'>ca</span> <span class='ocrx_word' id='word_1_74' title='bbox 1045 1667 1247 1726; x_wconf 85' lang='lat' dir='ltr'>moderatione</span> <span class='ocrx_word' id='word_1_75' title='bbox 1261 1685 1342 1726; x_wconf 93' lang='lat' dir='ltr'>com-</span> 
     </span>
     <span class='ocr_line' id='line_1_12' title="bbox 439 1761 1343 1838; baseline 0.001 -21"><span class='ocrx_word' id='word_1_76' title='bbox 439 1777 542 1836; x_wconf 87' lang='lat' dir='ltr'>ponas,</span> <span class='ocrx_word' id='word_1_77' title='bbox 557 1769 589 1817; x_wconf 94' lang='lat' dir='ltr'>ut</span> <span class='ocrx_word' id='word_1_78' title='bbox 610 1771 670 1818; x_wconf 89' lang='lat' dir='ltr'>tam</span> <span class='ocrx_word' id='word_1_79' title='bbox 691 1761 720 1818; x_wconf 91' lang='lat' dir='ltr'>in</span> <span class='ocrx_word' id='word_1_80' title='bbox 742 1761 827 1820; x_wconf 91' lang='lat' dir='ltr'>nobis</span> <span class='ocrx_word' id='word_1_81' title='bbox 848 1779 936 1836; x_wconf 88' lang='lat' dir='ltr'>quam</span> <span class='ocrx_word' id='word_1_82' title='bbox 957 1761 988 1818; x_wconf 92' lang='lat' dir='ltr'>in</span> <span class='ocrx_word' id='word_1_83' title='bbox 1009 1761 1080 1832; x_wconf 80' lang='lat' dir='ltr'>aliia,</span> <span class='ocrx_word' id='word_1_84' title='bbox 1096 1780 1162 1838; x_wconf 86' lang='lat' dir='ltr'>quae</span> <span class='ocrx_word' id='word_1_85' title='bbox 1183 1763 1258 1820; x_wconf 92' lang='lat' dir='ltr'>iusta</span> <span class='ocrx_word' id='word_1_86' title='bbox 1275 1773 1343 1821; x_wconf 93' lang='lat' dir='ltr'>sunt</span> 
     </span>
     <span class='ocr_line' id='line_1_13' title="bbox 439 1853 1342 1932; baseline 0.002 -22"><span class='ocrx_word' id='word_1_87' title='bbox 439 1871 596 1924; x_wconf 91' lang='lat' dir='ltr'>seruemus,</span> <span class='ocrx_word' id='word_1_88' title='bbox 619 1862 647 1912; x_wconf 93' lang='lat' dir='ltr'>et</span> <span class='ocrx_word' id='word_1_89' title='bbox 670 1853 707 1912; x_wconf 91' lang='lat' dir='ltr'>ad</span> <span class='ocrx_word' id='word_1_90' title='bbox 731 1866 839 1913; x_wconf 86' lang='lat' dir='ltr'>aetema</span> <span class='ocrx_word' id='word_1_91' title='bbox 863 1855 971 1930; x_wconf 87' lang='lat' dir='ltr'>gaudia</span> <span class='ocrx_word' id='word_1_92' title='bbox 996 1855 1147 1932; x_wconf 88' lang='lat' dir='ltr'>pemcnire</span> <span class='ocrx_word' id='word_1_93' title='bbox 1171 1874 1342 1916; x_wconf 89' lang='lat' dir='ltr'>mereamur.</span> 
     </span>
     <span class='ocr_line' id='line_1_14' title="bbox 439 1946 655 2007; baseline 0 -2"><span class='ocrx_word' id='word_1_94' title='bbox 439 1946 494 2006; x_wconf 90' lang='lat' dir='ltr'>Per</span> <span class='ocrx_word' id='word_1_95' title='bbox 509 1948 655 2007; x_wconf 90' lang='lat' dir='ltr'>christum.</span> 
     </span>
    </p>
   </div>
   <div class='ocr_carea' id='block_1_4' title="bbox 507 2140 1283 2223">
    <p class='ocr_par' dir='ltr' id='par_1_4' title="bbox 507 2140 1283 2223">
     <span class='ocr_line' id='line_1_15' title="bbox 507 2140 1283 2223; baseline 0 -19"><span class='ocrx_word' id='word_1_96' title='bbox 507 2140 623 2204; x_wconf 78' lang='lat' dir='ltr'>tiunttn</span> <span class='ocrx_word' id='word_1_97' title='bbox 644 2141 822 2204; x_wconf 83' lang='lat' dir='ltr'>inimieorum</span> <span class='ocrx_word' id='word_1_98' title='bbox 840 2142 1054 2223; x_wconf 74' lang='lat' dir='ltr'>temptationem</span> <span class='ocrx_word' id='word_1_99' title='bbox 1072 2142 1283 2206; x_wconf 63' lang='lat' dir='ltr'>insimulant</span> 
     </span>
    </p>
   </div>
   <div class='ocr_carea' id='block_1_5' title="bbox 439 2259 1344 2622">
    <p class='ocr_par' dir='ltr' id='par_1_5' title="bbox 439 2259 1344 2622">
     <span class='ocr_line' id='line_1_16' title="bbox 480 2259 1343 2338; baseline 0.003 -19"><span class='ocrx_word' id='word_1_100' title='bbox 480 2259 517 2319; x_wconf 92' lang='lat' dir='ltr'>U.</span> <span class='ocrx_word' id='word_1_101' title='bbox 535 2260 573 2320; x_wconf 91' lang='lat' dir='ltr'>D.</span> <span class='ocrx_word' id='word_1_102' title='bbox 595 2271 702 2320; x_wconf 87' lang='lat' dir='ltr'>aeteme</span> <span class='ocrx_word' id='word_1_103' title='bbox 730 2261 811 2320; x_wconf 90' lang='lat' dir='ltr'>deus.</span> <span class='ocrx_word' id='word_1_104' title='bbox 832 2299 836 2306; x_wconf 86' lang='lat'><em>-</em></span> <span class='ocrx_word' id='word_1_105' title='bbox 854 2260 1011 2319; x_wconf 88' lang='lat' dir='ltr'>Humiliter</span> <span class='ocrx_word' id='word_1_106' title='bbox 1038 2271 1119 2320; x_wconf 91' lang='lat' dir='ltr'>tuam</span> <span class='ocrx_word' id='word_1_107' title='bbox 1144 2260 1343 2338; x_wconf 70' lang='lat' dir='ltr'>depraecantes</span> 
     </span>
     <span class='ocr_line' id='line_1_17' title="bbox 440 2356 1343 2431; baseline 0.002 -17"><span class='ocrx_word' id='word_1_108' title='bbox 440 2356 633 2426; x_wconf 90' lang='lat' dir='ltr'>clementiam,</span> <span class='ocrx_word' id='word_1_109' title='bbox 648 2365 679 2414; x_wconf 94' lang='lat' dir='ltr'>ut</span> <span class='ocrx_word' id='word_1_110' title='bbox 692 2356 815 2431; x_wconf 85' lang='lat' dir='ltr'>gratiam</span> <span class='ocrx_word' id='word_1_111' title='bbox 830 2356 922 2414; x_wconf 89' lang='lat' dir='ltr'>sancti</span> <span class='ocrx_word' id='word_1_112' title='bbox 937 2357 1052 2431; x_wconf 89' lang='lat' dir='ltr'>spiritus</span> <span class='ocrx_word' id='word_1_113' title='bbox 1066 2357 1219 2415; x_wconf 87' lang='lat' dir='ltr'>animabus</span> <span class='ocrx_word' id='word_1_114' title='bbox 1237 2359 1343 2416; x_wconf 91' lang='lat' dir='ltr'>nostris</span> 
     </span>
     <span class='ocr_line' id='line_1_18' title="bbox 439 2449 1344 2528; baseline 0.003 -20"><span class='ocrx_word' id='word_1_115' title='bbox 439 2450 597 2508; x_wconf 91' lang='lat' dir='ltr'>clementer</span> <span class='ocrx_word' id='word_1_116' title='bbox 617 2449 769 2509; x_wconf 83' lang='lat' dir='ltr'>infundere</span> <span class='ocrx_word' id='word_1_117' title='bbox 784 2449 921 2527; x_wconf 85' lang='lat' dir='ltr'>digneris,</span> <span class='ocrx_word' id='word_1_118' title='bbox 936 2461 967 2508; x_wconf 91' lang='lat' dir='ltr'>ut</span> <span class='ocrx_word' id='word_1_119' title='bbox 984 2460 1012 2508; x_wconf 90' lang='lat' dir='ltr'>te</span> <span class='ocrx_word' id='word_1_120' title='bbox 1027 2449 1156 2526; x_wconf 83' lang='lat' dir='ltr'>perfecte</span> <span class='ocrx_word' id='word_1_121' title='bbox 1172 2451 1299 2528; x_wconf 89' lang='lat' dir='ltr'>diligere,</span> <span class='ocrx_word' id='word_1_122' title='bbox 1315 2462 1344 2511; x_wconf 92' lang='lat' dir='ltr'>et</span> 
     </span>
     <span class='ocr_line' id='line_1_19' title="bbox 440 2544 1105 2622; baseline 0 -19"><span class='ocrx_word' id='word_1_123' title='bbox 440 2546 527 2622; x_wconf 83' lang='lat' dir='ltr'>digne</span> <span class='ocrx_word' id='word_1_124' title='bbox 541 2545 659 2603; x_wconf 88' lang='lat' dir='ltr'>laudare</span> <span class='ocrx_word' id='word_1_125' title='bbox 673 2562 845 2603; x_wconf 88' lang='lat' dir='ltr'>mereamur.</span> <span class='ocrx_word' id='word_1_126' title='bbox 888 2544 943 2603; x_wconf 93' lang='lat' dir='ltr'>Per</span> <span class='ocrx_word' id='word_1_127' title='bbox 957 2545 1105 2604; x_wconf 88' lang='lat' dir='ltr'>christum.</span> 
     </span>
    </p>
   </div>
   <div class='ocr_carea' id='block_1_6' title="bbox 648 2735 1145 2817">
    <p class='ocr_par' dir='ltr' id='par_1_6' title="bbox 648 2735 1145 2817">
     <span class='ocr_line' id='line_1_20' title="bbox 648 2735 1145 2817; baseline 0 -18"><span class='ocrx_word' id='word_1_128' title='bbox 648 2735 763 2799; x_wconf 75' lang='lat' dir='ltr'>tiontta</span> <span class='ocrx_word' id='word_1_129' title='bbox 785 2737 998 2817; x_wconf 76' lang='lat' dir='ltr'>temptationem</span> <span class='ocrx_word' id='word_1_130' title='bbox 1019 2737 1116 2800; x_wconf 79' lang='lat' dir='ltr'>tamis</span> <span class='ocrx_word' id='word_1_131' title='bbox 1125 2739 1145 2799; x_wconf 86' lang='lat'>³.</span> 
     </span>
    </p>
   </div>
   <div class='ocr_carea' id='block_1_7' title="bbox 439 2856 1345 3408">
    <p class='ocr_par' dir='ltr' id='par_1_7' title="bbox 439 2856 1345 3408">
     <span class='ocr_line' id='line_1_21' title="bbox 480 2856 1344 2918; baseline 0.001 -1"><span class='ocrx_word' id='word_1_132' title='bbox 480 2856 518 2917; x_wconf 91' lang='lat' dir='ltr'>U.</span> <span class='ocrx_word' id='word_1_133' title='bbox 533 2857 571 2917; x_wconf 91' lang='lat' dir='ltr'>D.</span> <span class='ocrx_word' id='word_1_134' title='bbox 586 2868 693 2916; x_wconf 86' lang='lat' dir='ltr'>aeterne</span> <span class='ocrx_word' id='word_1_135' title='bbox 708 2856 789 2917; x_wconf 89' lang='lat' dir='ltr'>deus.</span> <span class='ocrx_word' id='word_1_136' title='bbox 833 2857 920 2917; x_wconf 91' lang='lat' dir='ltr'>Salua</span> <span class='ocrx_word' id='word_1_137' title='bbox 941 2876 997 2918; x_wconf 90' lang='lat' dir='ltr'>nos</span> <span class='ocrx_word' id='word_1_138' title='bbox 1018 2878 1055 2917; x_wconf 85' lang='lat' dir='ltr'>ex</span> <span class='ocrx_word' id='word_1_139' title='bbox 1073 2877 1123 2918; x_wconf 90' lang='lat' dir='ltr'>ore</span> <span class='ocrx_word' id='word_1_140' title='bbox 1137 2858 1230 2918; x_wconf 91' lang='lat' dir='ltr'>leonis</span> <span class='ocrx_word' id='word_1_141' title='bbox 1245 2858 1344 2918; x_wconf 89' lang='lat' dir='ltr'>saeuis-</span> 
     </span>
     <span class='ocr_line' id='line_1_22' title="bbox 441 2951 1343 3029; baseline 0 -19"><span class='ocrx_word' id='word_1_142' title='bbox 441 2951 514 3023; x_wconf 91' lang='lat' dir='ltr'>simi,</span> <span class='ocrx_word' id='word_1_143' title='bbox 529 2953 578 3028; x_wconf 93' lang='lat' dir='ltr'>qui</span> <span class='ocrx_word' id='word_1_144' title='bbox 593 2953 712 3028; x_wconf 90' lang='lat' dir='ltr'>rugiens</span> <span class='ocrx_word' id='word_1_145' title='bbox 729 2953 829 3012; x_wconf 91' lang='lat' dir='ltr'>circuit</span> <span class='ocrx_word' id='word_1_146' title='bbox 850 2954 887 3010; x_wconf 94' lang='lat' dir='ltr'>de</span> <span class='ocrx_word' id='word_1_147' title='bbox 904 2953 1014 3011; x_wconf 89' lang='lat' dir='ltr'>unitate</span> <span class='ocrx_word' id='word_1_148' title='bbox 1031 2951 1164 3012; x_wconf 86' lang='lat' dir='ltr'>ecelesiae</span> <span class='ocrx_word' id='word_1_149' title='bbox 1183 2964 1241 3011; x_wconf 77' lang='lat' dir='ltr'>tuae</span> <span class='ocrx_word' id='word_1_150' title='bbox 1254 2971 1343 3029; x_wconf 93' lang='lat' dir='ltr'>quem</span> 
     </span>
     <span class='ocr_line' id='line_1_23' title="bbox 440 3045 1344 3118; baseline 0.002 -15"><span class='ocrx_word' id='word_1_151' title='bbox 440 3047 568 3104; x_wconf 86' lang='lat' dir='ltr'>deuoret</span> <span class='ocrx_word' id='word_1_152' title='bbox 613 3046 671 3105; x_wconf 90' lang='lat' dir='ltr'>Sed</span> <span class='ocrx_word' id='word_1_153' title='bbox 690 3055 730 3118; x_wconf 91' lang='lat' dir='ltr'>tu,</span> <span class='ocrx_word' id='word_1_154' title='bbox 747 3046 901 3106; x_wconf 81' lang='lat' dir='ltr'>fortissime</span> <span class='ocrx_word' id='word_1_155' title='bbox 915 3046 971 3117; x_wconf 93' lang='lat' dir='ltr'>leo,</span> <span class='ocrx_word' id='word_1_156' title='bbox 986 3045 1023 3104; x_wconf 92' lang='lat' dir='ltr'>de</span> <span class='ocrx_word' id='word_1_157' title='bbox 1038 3046 1112 3104; x_wconf 91' lang='lat' dir='ltr'>tribu</span> <span class='ocrx_word' id='word_1_158' title='bbox 1134 3047 1210 3116; x_wconf 91' lang='lat' dir='ltr'>iuda,</span> <span class='ocrx_word' id='word_1_159' title='bbox 1226 3057 1344 3105; x_wconf 89' lang='lat' dir='ltr'>contere</span> 
     </span>
     <span class='ocr_line' id='line_1_24' title="bbox 441 3140 1345 3218; baseline -0.001 -18"><span class='ocrx_word' id='word_1_160' title='bbox 441 3142 613 3200; x_wconf 88' lang='lat' dir='ltr'>contrariam</span> <span class='ocrx_word' id='word_1_161' title='bbox 636 3159 696 3200; x_wconf 88' lang='lat' dir='ltr'>suae</span> <span class='ocrx_word' id='word_1_162' title='bbox 718 3141 830 3200; x_wconf 87' lang='lat' dir='ltr'>uirtutis</span> <span class='ocrx_word' id='word_1_163' title='bbox 853 3140 1020 3218; x_wconf 90' lang='lat' dir='ltr'>nequitiam,</span> <span class='ocrx_word' id='word_1_164' title='bbox 1044 3159 1157 3218; x_wconf 86' lang='lat' dir='ltr'>nosque</span> <span class='ocrx_word' id='word_1_165' title='bbox 1182 3142 1219 3200; x_wconf 93' lang='lat' dir='ltr'>ab</span> <span class='ocrx_word' id='word_1_166' title='bbox 1246 3141 1345 3217; x_wconf 86' lang='lat' dir='ltr'>ignitis</span> 
     </span>
     <span class='ocr_line' id='line_1_25' title="bbox 439 3235 1345 3313; baseline -0.001 -19"><span class='ocrx_word' id='word_1_167' title='bbox 439 3236 502 3294; x_wconf 91' lang='lat' dir='ltr'>eius</span> <span class='ocrx_word' id='word_1_168' title='bbox 530 3235 789 3312; x_wconf 89' lang='lat' dir='ltr'>inpugnationibus</span> <span class='ocrx_word' id='word_1_169' title='bbox 817 3235 963 3306; x_wconf 88' lang='lat' dir='ltr'>liberatus,</span> <span class='ocrx_word' id='word_1_170' title='bbox 993 3253 1117 3313; x_wconf 88' lang='lat' dir='ltr'>corpore</span> <span class='ocrx_word' id='word_1_171' title='bbox 1146 3253 1289 3296; x_wconf 88' lang='lat' dir='ltr'>conserua</span> <span class='ocrx_word' id='word_1_172' title='bbox 1316 3245 1345 3294; x_wconf 92' lang='lat' dir='ltr'>et</span> 
     </span>
     <span class='ocr_line' id='line_1_26' title="bbox 440 3329 893 3408; baseline 0 -21"><span class='ocrx_word' id='word_1_173' title='bbox 440 3341 537 3390; x_wconf 92' lang='lat' dir='ltr'>mente</span> <span class='ocrx_word' id='word_1_174' title='bbox 552 3329 681 3408; x_wconf 87' lang='lat' dir='ltr'>purifica.</span> <span class='ocrx_word' id='word_1_175' title='bbox 724 3329 779 3388; x_wconf 91' lang='lat' dir='ltr'>Per</span> <span class='ocrx_word' id='word_1_176' title='bbox 794 3347 893 3408; x_wconf 91' lang='lat' dir='ltr'>quem.</span> 
     </span>
    </p>
   </div>
   <div class='ocr_carea' id='block_1_8' title="bbox 669 3523 1119 3604">
    <p class='ocr_par' dir='ltr' id='par_1_8' title="bbox 669 3523 1119 3604">
     <span class='ocr_line' id='line_1_27' title="bbox 669 3523 1119 3604; baseline -0.004 -18"><span class='ocrx_word' id='word_1_177' title='bbox 669 3523 734 3601; x_wconf 67' lang='lat' dir='ltr'>lbra</span> <span class='ocrx_word' id='word_1_178' title='bbox 754 3523 888 3604; x_wconf 76' lang='lat' dir='ltr'>petitione</span> <span class='ocrx_word' id='word_1_179' title='bbox 909 3523 1091 3586; x_wconf 82' lang='lat' dir='ltr'>latrinarum</span> <span class='ocrx_word' id='word_1_180' title='bbox 1100 3526 1119 3584; x_wconf 81' lang='lat'>⁴.</span> 
     </span>
    </p>
   </div>
   <div class='ocr_carea' id='block_1_9' title="bbox 439 3643 1346 4472">
    <p class='ocr_par' dir='ltr' id='par_1_9' title="bbox 439 3643 1346 4472">
     <span class='ocr_line' id='line_1_28' title="bbox 481 3643 1345 3704; baseline 0.002 -2"><span class='ocrx_word' id='word_1_181' title='bbox 481 3643 519 3702; x_wconf 94' lang='lat' dir='ltr'>U.</span> <span class='ocrx_word' id='word_1_182' title='bbox 534 3643 571 3702; x_wconf 90' lang='lat' dir='ltr'>D.</span> <span class='ocrx_word' id='word_1_183' title='bbox 586 3655 693 3703; x_wconf 86' lang='lat' dir='ltr'>aeternc</span> <span class='ocrx_word' id='word_1_184' title='bbox 716 3644 796 3704; x_wconf 88' lang='lat' dir='ltr'>deus.</span> <span class='ocrx_word' id='word_1_185' title='bbox 839 3645 1001 3704; x_wconf 85' lang='lat' dir='ltr'>Audientes</span> <span class='ocrx_word' id='word_1_186' title='bbox 1023 3644 1112 3703; x_wconf 91' lang='lat' dir='ltr'>diuini</span> <span class='ocrx_word' id='word_1_187' title='bbox 1135 3645 1279 3704; x_wconf 91' lang='lat' dir='ltr'>sermonis</span> <span class='ocrx_word' id='word_1_188' title='bbox 1297 3663 1345 3704; x_wconf 93' lang='lat' dir='ltr'>so·</span> 
     </span>
     <span class='ocr_line' id='line_1_29' title="bbox 441 3737 1345 3816; baseline 0.002 -21"><span class='ocrx_word' id='word_1_189' title='bbox 441 3756 511 3795; x_wconf 92' lang='lat' dir='ltr'>nurn</span> <span class='ocrx_word' id='word_1_190' title='bbox 526 3737 682 3797; x_wconf 89' lang='lat' dir='ltr'>dicentem.</span> <span class='ocrx_word' id='word_1_191' title='bbox 724 3737 805 3798; x_wconf 89' lang='lat' dir='ltr'>Beati</span> <span class='ocrx_word' id='word_1_192' title='bbox 828 3739 877 3816; x_wconf 91' lang='lat' dir='ltr'>qui</span> <span class='ocrx_word' id='word_1_193' title='bbox 899 3739 999 3813; x_wconf 90' lang='lat' dir='ltr'>lugent</span> <span class='ocrx_word' id='word_1_194' title='bbox 1021 3755 1107 3808; x_wconf 90' lang='lat' dir='ltr'>nune,</span> <span class='ocrx_word' id='word_1_195' title='bbox 1126 3741 1267 3815; x_wconf 90' lang='lat' dir='ltr'>quoniam</span> <span class='ocrx_word' id='word_1_196' title='bbox 1289 3739 1345 3814; x_wconf 90' lang='lat' dir='ltr'>ipsi</span> 
     </span>
     <span class='ocr_line' id='line_1_30' title="bbox 441 3831 1344 3908; baseline 0 -17"><span class='ocrx_word' id='word_1_197' title='bbox 441 3831 679 3902; x_wconf 90' lang='lat' dir='ltr'>consolabuntur,</span> <span class='ocrx_word' id='word_1_198' title='bbox 698 3831 826 3891; x_wconf 89' lang='lat' dir='ltr'>Multum</span> <span class='ocrx_word' id='word_1_199' title='bbox 848 3843 947 3891; x_wconf 91' lang='lat' dir='ltr'>nostra</span> <span class='ocrx_word' id='word_1_200' title='bbox 968 3831 1036 3890; x_wconf 89' lang='lat' dir='ltr'>flere</span> <span class='ocrx_word' id='word_1_201' title='bbox 1057 3844 1179 3908; x_wconf 90' lang='lat' dir='ltr'>peccata</span> <span class='ocrx_word' id='word_1_202' title='bbox 1200 3831 1344 3891; x_wconf 89' lang='lat' dir='ltr'>desidera·</span> 
     </span>
     <span class='ocr_line' id='line_1_31' title="bbox 441 3926 1345 4004; baseline 0.003 -20"><span class='ocrx_word' id='word_1_203' title='bbox 441 3944 516 3996; x_wconf 91' lang='lat' dir='ltr'>mus,</span> <span class='ocrx_word' id='word_1_204' title='bbox 531 3926 583 3984; x_wconf 91' lang='lat' dir='ltr'>sed</span> <span class='ocrx_word' id='word_1_205' title='bbox 605 3944 664 3984; x_wconf 91' lang='lat' dir='ltr'>non</span> <span class='ocrx_word' id='word_1_206' title='bbox 687 3939 811 4002; x_wconf 89' lang='lat' dir='ltr'>possunt</span> <span class='ocrx_word' id='word_1_207' title='bbox 833 3927 910 3986; x_wconf 90' lang='lat' dir='ltr'>oculi</span> <span class='ocrx_word' id='word_1_208' title='bbox 932 3927 1022 3985; x_wconf 88' lang='lat' dir='ltr'>nostri</span> <span class='ocrx_word' id='word_1_209' title='bbox 1043 3926 1157 4002; x_wconf 86' lang='lat' dir='ltr'>lapidei,</span> <span class='ocrx_word' id='word_1_210' title='bbox 1179 3937 1208 3984; x_wconf 94' lang='lat' dir='ltr'>et</span> <span class='ocrx_word' id='word_1_211' title='bbox 1229 3938 1345 4004; x_wconf 92' lang='lat' dir='ltr'>propter</span> 
     </span>
     <span class='ocr_line' id='line_1_32' title="bbox 441 4019 1345 4081; baseline 0 -1"><span class='ocrx_word' id='word_1_212' title='bbox 441 4021 537 4080; x_wconf 85' lang='lat' dir='ltr'>cordis</span> <span class='ocrx_word' id='word_1_213' title='bbox 552 4021 643 4078; x_wconf 88' lang='lat' dir='ltr'>nostri</span> <span class='ocrx_word' id='word_1_214' title='bbox 658 4019 793 4078; x_wconf 90' lang='lat' dir='ltr'>duritiam</span> <span class='ocrx_word' id='word_1_215' title='bbox 815 4020 964 4079; x_wconf 84' lang='lat' dir='ltr'>lacrimare</span> <span class='ocrx_word' id='word_1_216' title='bbox 986 4037 1048 4077; x_wconf 93' lang='lat' dir='ltr'>non</span> <span class='ocrx_word' id='word_1_217' title='bbox 1070 4020 1229 4078; x_wconf 86' lang='lat' dir='ltr'>ualeamus.</span> <span class='ocrx_word' id='word_1_218' title='bbox 1273 4020 1345 4081; x_wconf 94' lang='lat' dir='ltr'>Ideo</span> 
     </span>
     <span class='ocr_line' id='line_1_33' title="bbox 439 4112 1345 4190; baseline 0.001 -17"><span class='ocrx_word' id='word_1_219' title='bbox 439 4131 579 4190; x_wconf 87' lang='lat' dir='ltr'>rogamus</span> <span class='ocrx_word' id='word_1_220' title='bbox 601 4125 637 4185; x_wconf 89' lang='lat' dir='ltr'>te,</span> <span class='ocrx_word' id='word_1_221' title='bbox 659 4113 788 4184; x_wconf 91' lang='lat' dir='ltr'>domine,</span> <span class='ocrx_word' id='word_1_222' title='bbox 803 4125 834 4172; x_wconf 92' lang='lat' dir='ltr'>ut</span> <span class='ocrx_word' id='word_1_223' title='bbox 857 4113 969 4172; x_wconf 88' lang='lat' dir='ltr'>fontem</span> <span class='ocrx_word' id='word_1_224' title='bbox 990 4112 1103 4172; x_wconf 85' lang='lat' dir='ltr'>duritiae</span> <span class='ocrx_word' id='word_1_225' title='bbox 1123 4113 1220 4174; x_wconf 89' lang='lat' dir='ltr'>cordis</span> <span class='ocrx_word' id='word_1_226' title='bbox 1244 4117 1345 4185; x_wconf 88' lang='lat' dir='ltr'>nostri,</span> 
     </span>
     <span class='ocr_line' id='line_1_34' title="bbox 442 4207 1346 4286; baseline 0.002 -20"><span class='ocrx_word' id='word_1_227' title='bbox 442 4209 567 4285; x_wconf 90' lang='lat' dir='ltr'>primum</span> <span class='ocrx_word' id='word_1_228' title='bbox 589 4227 641 4286; x_wconf 89' lang='lat' dir='ltr'>per</span> <span class='ocrx_word' id='word_1_229' title='bbox 661 4209 862 4284; x_wconf 88' lang='lat' dir='ltr'>poenitentiam</span> <span class='ocrx_word' id='word_1_230' title='bbox 883 4207 1014 4267; x_wconf 88' lang='lat' dir='ltr'>emollies</span> <span class='ocrx_word' id='word_1_231' title='bbox 1034 4219 1062 4266; x_wconf 91' lang='lat' dir='ltr'>et</span> <span class='ocrx_word' id='word_1_232' title='bbox 1085 4209 1275 4284; x_wconf 90' lang='lat' dir='ltr'>postmodum</span> <span class='ocrx_word' id='word_1_233' title='bbox 1295 4229 1346 4286; x_wconf 92' lang='lat' dir='ltr'>per</span> 
     </span>
     <span class='ocr_line' id='line_1_35' title="bbox 442 4302 1346 4378; baseline 0.001 -16"><span class='ocrx_word' id='word_1_234' title='bbox 442 4302 553 4362; x_wconf 92' lang='lat' dir='ltr'>donum</span> <span class='ocrx_word' id='word_1_235' title='bbox 575 4303 674 4378; x_wconf 83' lang='lat' dir='ltr'>gratiae</span> <span class='ocrx_word' id='word_1_236' title='bbox 695 4313 761 4372; x_wconf 85' lang='lat' dir='ltr'>tuae,</span> <span class='ocrx_word' id='word_1_237' title='bbox 783 4302 902 4362; x_wconf 89' lang='lat' dir='ltr'>flamma</span> <span class='ocrx_word' id='word_1_238' title='bbox 921 4302 1105 4360; x_wconf 90' lang='lat' dir='ltr'>lacrimamm</span> <span class='ocrx_word' id='word_1_239' title='bbox 1127 4303 1233 4362; x_wconf 89' lang='lat' dir='ltr'>nostris</span> <span class='ocrx_word' id='word_1_240' title='bbox 1254 4305 1346 4364; x_wconf 89' lang='lat' dir='ltr'>oculis</span> 
     </span>
     <span class='ocr_line' id='line_1_36' title="bbox 442 4395 812 4472; baseline -0.014 -13"><span class='ocrx_word' id='word_1_241' title='bbox 442 4398 561 4472; x_wconf 89' lang='lat' dir='ltr'>largitor</span> <span class='ocrx_word' id='word_1_242' title='bbox 576 4395 706 4456; x_wconf 86' lang='lat' dir='ltr'>infunde.</span> <span class='ocrx_word' id='word_1_243' title='bbox 750 4395 812 4455; x_wconf 93' lang='lat' dir='ltr'>Per.</span> 
     </span>
    </p>
   </div>
   <div class='ocr_carea' id='block_1_10' title="bbox 442 4589 1348 5446">
    <p class='ocr_par' dir='ltr' id='par_1_10' title="bbox 845 4589 944 4654">
     <span class='ocr_line' id='line_1_37' title="bbox 845 4589 944 4654; baseline -0.01 -1"><span class='ocrx_word' id='word_1_244' title='bbox 845 4589 944 4654; x_wconf 72' lang='lat' dir='ltr'>attat</span> 
     </span>
    </p>

    <p class='ocr_par' dir='ltr' id='par_1_11' title="bbox 442 4707 1348 5446">
     <span class='ocr_line' id='line_1_38' title="bbox 483 4707 1345 4788; baseline 0.002 -22"><span class='ocrx_word' id='word_1_245' title='bbox 483 4707 520 4766; x_wconf 93' lang='lat' dir='ltr'>U.</span> <span class='ocrx_word' id='word_1_246' title='bbox 535 4707 572 4767; x_wconf 94' lang='lat' dir='ltr'>D.</span> <span class='ocrx_word' id='word_1_247' title='bbox 588 4719 696 4768; x_wconf 87' lang='lat' dir='ltr'>aeterne</span> <span class='ocrx_word' id='word_1_248' title='bbox 710 4707 792 4768; x_wconf 89' lang='lat' dir='ltr'>deus.</span> <span class='ocrx_word' id='word_1_249' title='bbox 834 4709 894 4782; x_wconf 91' lang='lat' dir='ltr'>Qui</span> <span class='ocrx_word' id='word_1_250' title='bbox 910 4712 1028 4770; x_wconf 87' lang='lat' dir='ltr'>beatum</span> <span class='ocrx_word' id='word_1_251' title='bbox 1047 4719 1161 4788; x_wconf 91' lang='lat' dir='ltr'>petrum</span> <span class='ocrx_word' id='word_1_252' title='bbox 1181 4708 1345 4787; x_wconf 91' lang='lat' dir='ltr'>apostolum</span> 
     </span>
     <span class='ocr_line' id='line_1_39' title="bbox 442 4802 1347 4880; baseline 0.001 -21"><span class='ocrx_word' id='word_1_253' title='bbox 442 4803 556 4879; x_wconf 88' lang='lat' dir='ltr'>pietatis</span> <span class='ocrx_word' id='word_1_254' title='bbox 580 4803 706 4878; x_wconf 90' lang='lat' dir='ltr'>respexit</span> <span class='ocrx_word' id='word_1_255' title='bbox 726 4802 838 4874; x_wconf 90' lang='lat' dir='ltr'>intuitu,</span> <span class='ocrx_word' id='word_1_256' title='bbox 855 4817 885 4862; x_wconf 90' lang='lat' dir='ltr'>ut</span> <span class='ocrx_word' id='word_1_257' title='bbox 907 4806 990 4864; x_wconf 88' lang='lat' dir='ltr'>trinae</span> <span class='ocrx_word' id='word_1_258' title='bbox 1013 4803 1177 4880; x_wconf 89' lang='lat' dir='ltr'>negationis</span> <span class='ocrx_word' id='word_1_259' title='bbox 1193 4813 1347 4880; x_wconf 90' lang='lat' dir='ltr'>peccatum</span> 
     </span>
     <span class='ocr_line' id='line_1_40' title="bbox 442 4896 1348 4974; baseline 0.001 -19"><span class='ocrx_word' id='word_1_260' title='bbox 442 4897 630 4955; x_wconf 90' lang='lat' dir='ltr'>amarissimis</span> <span class='ocrx_word' id='word_1_261' title='bbox 659 4896 780 4956; x_wconf 91' lang='lat' dir='ltr'>dilueret</span> <span class='ocrx_word' id='word_1_262' title='bbox 808 4897 942 4969; x_wconf 86' lang='lat' dir='ltr'>lacrimis,</span> <span class='ocrx_word' id='word_1_263' title='bbox 971 4915 1022 4974; x_wconf 89' lang='lat' dir='ltr'>per</span> <span class='ocrx_word' id='word_1_264' title='bbox 1051 4898 1227 4958; x_wconf 89' lang='lat' dir='ltr'>infusionem</span> <span class='ocrx_word' id='word_1_265' title='bbox 1256 4899 1348 4956; x_wconf 90' lang='lat' dir='ltr'>sancti</span> 
     </span>
     <span class='ocr_line' id='line_1_41' title="bbox 443 4990 1347 5070; baseline 0 -20"><span class='ocrx_word' id='word_1_266' title='bbox 443 4990 558 5066; x_wconf 88' lang='lat' dir='ltr'>spiritus</span> <span class='ocrx_word' id='word_1_267' title='bbox 580 5008 634 5065; x_wconf 92' lang='lat' dir='ltr'>pro</span> <span class='ocrx_word' id='word_1_268' title='bbox 657 5002 844 5067; x_wconf 88' lang='lat' dir='ltr'>peccatorum</span> <span class='ocrx_word' id='word_1_269' title='bbox 868 5004 1034 5051; x_wconf 92' lang='lat' dir='ltr'>nostrorum</span> <span class='ocrx_word' id='word_1_270' title='bbox 1057 4993 1197 5070; x_wconf 91' lang='lat' dir='ltr'>pondere,</span> <span class='ocrx_word' id='word_1_271' title='bbox 1213 4991 1347 5050; x_wconf 87' lang='lat' dir='ltr'>lacrimas</span> 
     </span>
     <span class='ocr_line' id='line_1_42' title="bbox 444 5083 1347 5164; baseline 0.003 -22"><span class='ocrx_word' id='word_1_272' title='bbox 444 5085 528 5143; x_wconf 92' lang='lat' dir='ltr'>nobis</span> <span class='ocrx_word' id='word_1_273' title='bbox 542 5083 614 5144; x_wconf 91' lang='lat' dir='ltr'>elice</span> <span class='ocrx_word' id='word_1_274' title='bbox 629 5086 817 5160; x_wconf 84' lang='lat' dir='ltr'>poenitentiae,</span> <span class='ocrx_word' id='word_1_275' title='bbox 828 5084 870 5144; x_wconf 95' lang='lat' dir='ltr'>Ut</span> <span class='ocrx_word' id='word_1_276' title='bbox 884 5105 980 5146; x_wconf 90' lang='lat' dir='ltr'>amare</span> <span class='ocrx_word' id='word_1_277' title='bbox 996 5085 1156 5145; x_wconf 89' lang='lat' dir='ltr'>defleamus</span> <span class='ocrx_word' id='word_1_278' title='bbox 1167 5103 1234 5163; x_wconf 87' lang='lat' dir='ltr'>quae</span> <span class='ocrx_word' id='word_1_279' title='bbox 1248 5086 1347 5164; x_wconf 90' lang='lat' dir='ltr'>inique</span> 
     </span>
     <span class='ocr_line' id='line_1_43' title="bbox 443 5179 1346 5256; baseline 0.002 -20"><span class='ocrx_word' id='word_1_280' title='bbox 443 5179 596 5254; x_wconf 89' lang='lat' dir='ltr'>gessimus,</span> <span class='ocrx_word' id='word_1_281' title='bbox 608 5189 752 5254; x_wconf 90' lang='lat' dir='ltr'>quatenus</span> <span class='ocrx_word' id='word_1_282' title='bbox 763 5179 927 5239; x_wconf 90' lang='lat' dir='ltr'>fructuosus</span> <span class='ocrx_word' id='word_1_283' title='bbox 941 5181 972 5238; x_wconf 93' lang='lat' dir='ltr'>in</span> <span class='ocrx_word' id='word_1_284' title='bbox 986 5191 1147 5256; x_wconf 89' lang='lat' dir='ltr'>conspectu</span> <span class='ocrx_word' id='word_1_285' title='bbox 1162 5180 1276 5256; x_wconf 90' lang='lat' dir='ltr'>pietatis</span> <span class='ocrx_word' id='word_1_286' title='bbox 1290 5189 1346 5238; x_wconf 83' lang='lat' dir='ltr'>tuae</span> 
     </span>
     <span class='ocr_line' id='line_1_44' title="bbox 444 5263 1347 5351; baseline 0.003 -22"><span class='ocrx_word' id='word_1_287' title='bbox 444 5283 551 5332; x_wconf 85' lang='lat' dir='ltr'>nostrae</span> <span class='ocrx_word' id='word_1_288' title='bbox 576 5274 724 5351; x_wconf 86' lang='lat' dir='ltr'>petitionis</span> <span class='ocrx_word' id='word_1_289' title='bbox 748 5275 900 5351; x_wconf 88' lang='lat' dir='ltr'>perueniat</span> <span class='ocrx_word' id='word_1_290' title='bbox 923 5275 1064 5345; x_wconf 80' lang='lat' dir='ltr'>affectus;</span> <span class='ocrx_word' id='word_1_291' title='bbox 1087 5275 1184 5350; x_wconf 86' lang='lat' dir='ltr'>Atque</span> <span class='ocrx_word' id='word_1_292' title='bbox 1202 5263 1258 5350; x_wconf 62' lang='lat' dir='ltr'>vper</span> <span class='ocrx_word' id='word_1_293' title='bbox 1279 5293 1347 5332; x_wconf 90' lang='lat' dir='ltr'>eurn</span> 
     </span>
     <span class='ocr_line' id='line_1_45' title="bbox 443 5367 1346 5446; baseline 0.008 -23"><span class='ocrx_word' id='word_1_294' title='bbox 443 5367 530 5425; x_wconf 91' lang='lat' dir='ltr'>nobis</span> <span class='ocrx_word' id='word_1_295' title='bbox 544 5368 661 5426; x_wconf 90' lang='lat' dir='ltr'>ueniam</span> <span class='ocrx_word' id='word_1_296' title='bbox 672 5387 788 5443; x_wconf 88' lang='lat' dir='ltr'>sperare</span> <span class='ocrx_word' id='word_1_297' title='bbox 803 5369 896 5439; x_wconf 88' lang='lat' dir='ltr'>liceat,</span> <span class='ocrx_word' id='word_1_298' title='bbox 911 5371 961 5446; x_wconf 93' lang='lat' dir='ltr'>qui</span> <span class='ocrx_word' id='word_1_299' title='bbox 976 5368 1097 5428; x_wconf 91' lang='lat' dir='ltr'>traditus</span> <span class='ocrx_word' id='word_1_300' title='bbox 1112 5379 1155 5428; x_wconf 93' lang='lat' dir='ltr'>est</span> <span class='ocrx_word' id='word_1_301' title='bbox 1169 5386 1223 5445; x_wconf 87' lang='lat' dir='ltr'>pto</span> <span class='ocrx_word' id='word_1_302' title='bbox 1235 5369 1346 5430; x_wconf 89' lang='lat' dir='ltr'>delictis</span> 
     </span>
    </p>
   </div>
   <div class='ocr_carea' id='block_1_11' title="bbox 861 5528 1280 5670">
    <p class='ocr_par' dir='ltr' id='par_1_12' title="bbox 861 5528 1280 5670">
     <span class='ocr_line' id='line_1_46' title="bbox 861 5528 1280 5581; baseline 0.005 -3"><span class='ocrx_word' id='word_1_303' title='bbox 861 5528 871 5558; x_wconf 82' lang='lat'>²</span> <span class='ocrx_word' id='word_1_304' title='bbox 888 5529 1026 5581; x_wconf 70' lang='lat' dir='ltr'>Folneob.</span> <span class='ocrx_word' id='word_1_305' title='bbox 1215 5530 1225 5559; x_wconf 83' lang='lat'>⁸</span> <span class='ocrx_word' id='word_1_306' title='bbox 1242 5531 1280 5580; x_wconf 90' lang='lat' dir='ltr'>lb.</span> 
     </span>
     <span class='ocr_line' id='line_1_47' title="bbox 1028 5608 1197 5670; baseline 0 -14"><span class='ocrx_word' id='word_1_307' title='bbox 1028 5609 1039 5638; x_wconf 80' lang='lat'><strong><em>³</em></strong></span> <span class='ocrx_word' id='word_1_308' title='bbox 1056 5608 1111 5658; x_wconf 88' lang='lat' dir='ltr'>Fol.</span> <span class='ocrx_word' id='word_1_309' title='bbox 1121 5609 1166 5670; x_wconf 82' lang='lat'>187</span> <span class='ocrx_word' id='word_1_310' title='bbox 1175 5608 1197 5657; x_wconf 93' lang='lat' dir='ltr'>b.</span> 
     </span>
    </p>
   </div>
   <div class='ocr_carea' id='block_1_12' title="bbox 509 5525 766 5670">
    <p class='ocr_par' dir='ltr' id='par_1_13' title="bbox 509 5525 766 5670">
     <span class='ocr_line' id='line_1_48' title="bbox 509 5525 679 5586; baseline 0.006 -10"><span class='ocrx_word' id='word_1_311' title='bbox 509 5525 517 5554; x_wconf 92' lang='lat'><strong>¹</strong></span> <span class='ocrx_word' id='word_1_312' title='bbox 534 5527 588 5576; x_wconf 84' lang='lat' dir='ltr'>Fol.</span> <span class='ocrx_word' id='word_1_313' title='bbox 600 5529 644 5586; x_wconf 73' lang='lat'>185</span> <span class='ocrx_word' id='word_1_314' title='bbox 655 5529 679 5577; x_wconf 92' lang='lat' dir='ltr'>b.</span> 
     </span>
     <span class='ocr_line' id='line_1_49' title="bbox 596 5603 766 5670; baseline 0.006 -16"><span class='ocrx_word' id='word_1_315' title='bbox 596 5605 605 5635; x_wconf 82' lang='lat'>¹</span> <span class='ocrx_word' id='word_1_316' title='bbox 617 5603 677 5655; x_wconf 83' lang='lat' dir='ltr'>&#39;Ful</span> <span class='ocrx_word' id='word_1_317' title='bbox 688 5605 732 5670; x_wconf 79' lang='lat'>187</span> <span class='ocrx_word' id='word_1_318' title='bbox 742 5622 766 5655; x_wconf 84' lang='lat' dir='ltr'>a.</span> 
     </span>
    </p>
   </div>
   <div class='ocr_carea' id='block_1_13' title="bbox 1072 567 1655 665">
    <p class='ocr_par' dir='ltr' id='par_1_14' title="bbox 1072 567 1655 665">
     <span class='ocr_line' id='line_1_50' title="bbox 1072 567 1655 665; baseline 0 -23"><span class='ocrx_word' id='word_1_319' title='bbox 1072 569 1215 655; x_wconf 58' lang='lat' dir='ltr'>missal</span> <span class='ocrx_word' id='word_1_320' title='bbox 1234 571 1266 644; x_wconf 88' lang='lat' dir='ltr'>ut</span> <span class='ocrx_word' id='word_1_321' title='bbox 1282 569 1406 644; x_wconf 64' lang='lat' dir='ltr'>inultm</span> <span class='ocrx_word' id='word_1_322' title='bbox 1424 569 1455 644; x_wconf 80' lang='lat' dir='ltr'>ti</span> <span class='ocrx_word' id='word_1_323' title='bbox 1470 567 1655 665; x_wconf 60' lang='lat' dir='ltr'>glunilms.</span> 
     </span>
    </p>
   </div>
   <div class='ocr_carea' id='block_1_14' title="bbox 1395 771 2298 939">
    <p class='ocr_par' dir='ltr' id='par_1_15' title="bbox 1395 771 2298 939">
     <span class='ocr_line' id='line_1_51' title="bbox 1395 771 2298 850; baseline 0.001 -20"><span class='ocrx_word' id='word_1_324' title='bbox 1395 772 1510 841; x_wconf 91' lang='lat' dir='ltr'>nostris,</span> <span class='ocrx_word' id='word_1_325' title='bbox 1534 782 1565 830; x_wconf 93' lang='lat' dir='ltr'>ut</span> <span class='ocrx_word' id='word_1_326' title='bbox 1593 772 1747 832; x_wconf 91' lang='lat' dir='ltr'>redimeret</span> <span class='ocrx_word' id='word_1_327' title='bbox 1775 789 1830 833; x_wconf 94' lang='lat' dir='ltr'>nos</span> <span class='ocrx_word' id='word_1_328' title='bbox 1858 772 1887 831; x_wconf 92' lang='lat' dir='ltr'>iu</span> <span class='ocrx_word' id='word_1_329' title='bbox 1916 773 2060 850; x_wconf 91' lang='lat' dir='ltr'>sanguine</span> <span class='ocrx_word' id='word_1_330' title='bbox 2088 790 2152 844; x_wconf 84' lang='lat' dir='ltr'>sun,</span> <span class='ocrx_word' id='word_1_331' title='bbox 2175 771 2298 832; x_wconf 90' lang='lat' dir='ltr'>cbristus</span> 
     </span>
     <span class='ocr_line' id='line_1_52' title="bbox 1395 864 1924 939; baseline 0.004 -15"><span class='ocrx_word' id='word_1_332' title='bbox 1395 865 1521 925; x_wconf 90' lang='lat' dir='ltr'>saluator</span> <span class='ocrx_word' id='word_1_333' title='bbox 1535 877 1639 924; x_wconf 91' lang='lat' dir='ltr'>noster.</span> <span class='ocrx_word' id='word_1_334' title='bbox 1684 864 1783 939; x_wconf 90' lang='lat' dir='ltr'>Quem</span> <span class='ocrx_word' id='word_1_335' title='bbox 1797 865 1924 926; x_wconf 92' lang='lat' dir='ltr'>laudant.</span> 
     </span>
    </p>
   </div>
   <div class='ocr_carea' id='block_1_15' title="bbox 1670 1097 2013 1177">
    <p class='ocr_par' dir='ltr' id='par_1_16' title="bbox 1670 1097 2013 1177">
     <span class='ocr_line' id='line_1_53' title="bbox 1670 1097 2013 1177; baseline 0.012 -19"><span class='ocrx_word' id='word_1_336' title='bbox 1670 1097 1734 1176; x_wconf 55' lang='lat' dir='ltr'>litu</span> <span class='ocrx_word' id='word_1_337' title='bbox 1758 1099 1809 1161; x_wconf 83' lang='lat' dir='ltr'>ittt</span> <span class='ocrx_word' id='word_1_338' title='bbox 1831 1099 1984 1177; x_wconf 75' lang='lat' dir='ltr'>agentibus</span> <span class='ocrx_word' id='word_1_339' title='bbox 1994 1101 2013 1162; x_wconf 89' lang='lat'>¹.</span> 
     </span>
    </p>
   </div>
   <div class='ocr_carea' id='block_1_16' title="bbox 1394 1214 2300 2049">
    <p class='ocr_par' dir='ltr' id='par_1_17' title="bbox 1394 1214 2300 2049">
     <span class='ocr_line' id='line_1_54' title="bbox 1435 1214 2298 1278; baseline 0.003 -5"><span class='ocrx_word' id='word_1_340' title='bbox 1435 1215 1472 1275; x_wconf 87' lang='lat' dir='ltr'>U.</span> <span class='ocrx_word' id='word_1_341' title='bbox 1485 1214 1521 1273; x_wconf 91' lang='lat' dir='ltr'>D.</span> <span class='ocrx_word' id='word_1_342' title='bbox 1540 1227 1646 1276; x_wconf 88' lang='lat' dir='ltr'>aeterne</span> <span class='ocrx_word' id='word_1_343' title='bbox 1662 1218 1742 1277; x_wconf 89' lang='lat' dir='ltr'>deus.</span> <span class='ocrx_word' id='word_1_344' title='bbox 1785 1216 1876 1277; x_wconf 93' lang='lat' dir='ltr'>Cuius</span> <span class='ocrx_word' id='word_1_345' title='bbox 1891 1219 2055 1278; x_wconf 89' lang='lat' dir='ltr'>inmensam</span> <span class='ocrx_word' id='word_1_346' title='bbox 2071 1217 2298 1278; x_wconf 87' lang='lat' dir='ltr'>misericordiam</span> 
     </span>
     <span class='ocr_line' id='line_1_55' title="bbox 1394 1310 2296 1390; baseline 0 -20"><span class='ocrx_word' id='word_1_347' title='bbox 1394 1310 1562 1370; x_wconf 89' lang='lat' dir='ltr'>humillimis</span> <span class='ocrx_word' id='word_1_348' title='bbox 1576 1313 1720 1388; x_wconf 85' lang='lat' dir='ltr'>praecibus</span> <span class='ocrx_word' id='word_1_349' title='bbox 1736 1314 1933 1390; x_wconf 89' lang='lat' dir='ltr'>imploramus,</span> <span class='ocrx_word' id='word_1_350' title='bbox 1950 1325 1980 1373; x_wconf 92' lang='lat' dir='ltr'>ut</span> <span class='ocrx_word' id='word_1_351' title='bbox 1995 1315 2048 1372; x_wconf 91' lang='lat' dir='ltr'>iter</span> <span class='ocrx_word' id='word_1_352' title='bbox 2063 1312 2161 1371; x_wconf 89' lang='lat' dir='ltr'>famuli</span> <span class='ocrx_word' id='word_1_353' title='bbox 2176 1313 2216 1371; x_wconf 92' lang='lat' dir='ltr'>tui</span> <span class='ocrx_word' id='word_1_354' title='bbox 2231 1330 2296 1371; x_wconf 91' lang='lat' dir='ltr'>curn</span> 
     </span>
     <span class='ocr_line' id='line_1_56' title="bbox 1395 1404 2298 1485; baseline 0.001 -21"><span class='ocrx_word' id='word_1_355' title='bbox 1395 1407 1456 1465; x_wconf 91' lang='lat' dir='ltr'>suis</span> <span class='ocrx_word' id='word_1_356' title='bbox 1467 1404 1522 1485; x_wconf 81' lang='lat' dir='ltr'>(in)</span> <span class='ocrx_word' id='word_1_357' title='bbox 1536 1408 1726 1482; x_wconf 88' lang='lat' dir='ltr'>prosperitate</span> <span class='ocrx_word' id='word_1_358' title='bbox 1742 1409 1875 1483; x_wconf 89' lang='lat' dir='ltr'>dirigere,</span> <span class='ocrx_word' id='word_1_359' title='bbox 1890 1426 2017 1484; x_wconf 88' lang='lat' dir='ltr'>eumque</span> <span class='ocrx_word' id='word_1_360' title='bbox 2032 1410 2106 1466; x_wconf 90' lang='lat' dir='ltr'>inter</span> <span class='ocrx_word' id='word_1_361' title='bbox 2120 1409 2175 1468; x_wconf 84' lang='lat' dir='ltr'>uiae</span> <span class='ocrx_word' id='word_1_362' title='bbox 2189 1419 2218 1467; x_wconf 91' lang='lat' dir='ltr'>et</span> <span class='ocrx_word' id='word_1_363' title='bbox 2233 1408 2298 1465; x_wconf 86' lang='lat' dir='ltr'>uitae</span> 
     </span>
     <span class='ocr_line' id='line_1_57' title="bbox 1395 1500 2299 1578; baseline 0.002 -20"><span class='ocrx_word' id='word_1_364' title='bbox 1395 1500 1480 1560; x_wconf 91' lang='lat' dir='ltr'>buius</span> <span class='ocrx_word' id='word_1_365' title='bbox 1501 1503 1655 1561; x_wconf 88' lang='lat' dir='ltr'>uarietates</span> <span class='ocrx_word' id='word_1_366' title='bbox 1677 1501 1804 1578; x_wconf 90' lang='lat' dir='ltr'>digneris</span> <span class='ocrx_word' id='word_1_367' title='bbox 1826 1504 1989 1575; x_wconf 88' lang='lat' dir='ltr'>custodire;</span> <span class='ocrx_word' id='word_1_368' title='bbox 2012 1503 2159 1576; x_wconf 88' lang='lat' dir='ltr'>Quatinus</span> <span class='ocrx_word' id='word_1_369' title='bbox 2180 1502 2299 1578; x_wconf 88' lang='lat' dir='ltr'>angelo-</span> 
     </span>
     <span class='ocr_line' id='line_1_58' title="bbox 1395 1596 2298 1672; baseline 0.002 -21"><span class='ocrx_word' id='word_1_370' title='bbox 1395 1613 1459 1652; x_wconf 90' lang='lat' dir='ltr'>rum</span> <span class='ocrx_word' id='word_1_371' title='bbox 1481 1605 1599 1655; x_wconf 92' lang='lat' dir='ltr'>tuorum</span> <span class='ocrx_word' id='word_1_372' title='bbox 1624 1597 1758 1672; x_wconf 86' lang='lat' dir='ltr'>praesidio</span> <span class='ocrx_word' id='word_1_373' title='bbox 1781 1596 1878 1668; x_wconf 92' lang='lat' dir='ltr'>fultus,</span> <span class='ocrx_word' id='word_1_374' title='bbox 1900 1597 2107 1657; x_wconf 89' lang='lat' dir='ltr'>intercessione</span> <span class='ocrx_word' id='word_1_375' title='bbox 2129 1607 2298 1656; x_wconf 88' lang='lat' dir='ltr'>sanctorum</span> 
     </span>
     <span class='ocr_line' id='line_1_59' title="bbox 1396 1689 2299 1760; baseline 0.002 -14"><span class='ocrx_word' id='word_1_376' title='bbox 1396 1689 1533 1760; x_wconf 89' lang='lat' dir='ltr'>munitus,</span> <span class='ocrx_word' id='word_1_377' title='bbox 1556 1708 1573 1748; x_wconf 93' lang='lat' dir='ltr'>a</span> <span class='ocrx_word' id='word_1_378' title='bbox 1595 1692 1707 1749; x_wconf 91' lang='lat' dir='ltr'>cunetis</span> <span class='ocrx_word' id='word_1_379' title='bbox 1729 1691 1950 1750; x_wconf 90' lang='lat' dir='ltr'>aduersitatibus</span> <span class='ocrx_word' id='word_1_380' title='bbox 1972 1702 2022 1749; x_wconf 86' lang='lat' dir='ltr'>tua</span> <span class='ocrx_word' id='word_1_381' title='bbox 2042 1692 2226 1750; x_wconf 89' lang='lat' dir='ltr'>miseratione</span> <span class='ocrx_word' id='word_1_382' title='bbox 2248 1691 2299 1748; x_wconf 86' lang='lat' dir='ltr'>de·</span> 
     </span>
     <span class='ocr_line' id='line_1_60' title="bbox 1396 1779 2300 1865; baseline 0.001 -25"><span class='ocrx_word' id='word_1_383' title='bbox 1396 1783 1504 1855; x_wconf 88' lang='lat' dir='ltr'>fensus,</span> <span class='ocrx_word' id='word_1_384' title='bbox 1513 1785 1703 1860; x_wconf 90' lang='lat' dir='ltr'>protectionis</span> <span class='ocrx_word' id='word_1_385' title='bbox 1712 1797 1741 1842; x_wconf 93' lang='lat' dir='ltr'>et</span> <span class='ocrx_word' id='word_1_386' title='bbox 1750 1786 1924 1844; x_wconf 90' lang='lat' dir='ltr'>reuersionis</span> <span class='ocrx_word' id='word_1_387' title='bbox 1937 1803 1997 1844; x_wconf 87' lang='lat' dir='ltr'>suae</span> <span class='ocrx_word' id='word_1_388' title='bbox 2007 1784 2142 1844; x_wconf 89' lang='lat' dir='ltr'>felicitate</span> <span class='ocrx_word' id='word_1_389' title='bbox 2154 1779 2300 1865; x_wconf 64' lang='lat' dir='ltr'>potimus,</span> 
     </span>
     <span class='ocr_line' id='line_1_61' title="bbox 1396 1878 2298 1954; baseline 0.002 -20"><span class='ocrx_word' id='word_1_390' title='bbox 1396 1887 1424 1934; x_wconf 91' lang='lat' dir='ltr'>et</span> <span class='ocrx_word' id='word_1_391' title='bbox 1446 1895 1572 1954; x_wconf 91' lang='lat' dir='ltr'>compos</span> <span class='ocrx_word' id='word_1_392' title='bbox 1591 1878 1728 1937; x_wconf 90' lang='lat' dir='ltr'>reddatur</span> <span class='ocrx_word' id='word_1_393' title='bbox 1746 1879 1890 1938; x_wconf 90' lang='lat' dir='ltr'>iustorum</span> <span class='ocrx_word' id='word_1_394' title='bbox 1911 1889 2058 1950; x_wconf 91' lang='lat' dir='ltr'>uotorum,</span> <span class='ocrx_word' id='word_1_395' title='bbox 2072 1889 2100 1936; x_wconf 94' lang='lat' dir='ltr'>et</span> <span class='ocrx_word' id='word_1_396' title='bbox 2123 1878 2159 1936; x_wconf 90' lang='lat' dir='ltr'>de</span> <span class='ocrx_word' id='word_1_397' title='bbox 2180 1896 2298 1938; x_wconf 91' lang='lat' dir='ltr'>suorum</span> 
     </span>
     <span class='ocr_line' id='line_1_62' title="bbox 1395 1970 2162 2049; baseline 0.003 -22"><span class='ocrx_word' id='word_1_398' title='bbox 1395 1970 1506 2029; x_wconf 89' lang='lat' dir='ltr'>laetetur</span> <span class='ocrx_word' id='word_1_399' title='bbox 1520 1973 1691 2030; x_wconf 89' lang='lat' dir='ltr'>remissione</span> <span class='ocrx_word' id='word_1_400' title='bbox 1706 1983 1901 2049; x_wconf 89' lang='lat' dir='ltr'>peccatorum.</span> <span class='ocrx_word' id='word_1_401' title='bbox 1945 1971 2000 2029; x_wconf 91' lang='lat' dir='ltr'>Per</span> <span class='ocrx_word' id='word_1_402' title='bbox 2015 1973 2162 2031; x_wconf 90' lang='lat' dir='ltr'>christum.</span> 
     </span>
    </p>
   </div>
   <div class='ocr_carea' id='block_1_17' title="bbox 1566 2201 2125 2281">
    <p class='ocr_par' dir='ltr' id='par_1_18' title="bbox 1566 2201 2125 2281">
     <span class='ocr_line' id='line_1_63' title="bbox 1566 2201 2125 2281; baseline 0.007 -19"><span class='ocrx_word' id='word_1_403' title='bbox 1566 2201 1630 2278; x_wconf 66' lang='grc' dir='ltr'>ῑβτε</span> <span class='ocrx_word' id='word_1_404' title='bbox 1652 2203 1795 2266; x_wconf 80' lang='lat' dir='ltr'>tratribus</span> <span class='ocrx_word' id='word_1_405' title='bbox 1815 2203 1846 2265; x_wconf 83' lang='lat' dir='ltr'>in</span> <span class='ocrx_word' id='word_1_406' title='bbox 1866 2205 1917 2266; x_wconf 87' lang='lat' dir='ltr'>uia</span> <span class='ocrx_word' id='word_1_407' title='bbox 1937 2203 2096 2281; x_wconf 75' lang='lat' dir='ltr'>nirigmnis</span> <span class='ocrx_word' id='word_1_408' title='bbox 2105 2206 2125 2265; x_wconf 84' lang='lat'>².</span> 
     </span>
    </p>
   </div>
   <div class='ocr_carea' id='block_1_18' title="bbox 1395 2321 2301 3724">
    <p class='ocr_par' dir='ltr' id='par_1_19' title="bbox 1395 2321 2301 3724">
     <span class='ocr_line' id='line_1_64' title="bbox 1436 2321 2300 2402; baseline 0.002 -22"><span class='ocrx_word' id='word_1_409' title='bbox 1436 2321 1473 2380; x_wconf 92' lang='lat' dir='ltr'>U.</span> <span class='ocrx_word' id='word_1_410' title='bbox 1485 2321 1523 2381; x_wconf 92' lang='lat' dir='ltr'>D.</span> <span class='ocrx_word' id='word_1_411' title='bbox 1535 2332 1644 2382; x_wconf 89' lang='lat' dir='ltr'>aeterne</span> <span class='ocrx_word' id='word_1_412' title='bbox 1660 2323 1740 2383; x_wconf 89' lang='lat' dir='ltr'>deus.</span> <span class='ocrx_word' id='word_1_413' title='bbox 1778 2324 1838 2397; x_wconf 91' lang='lat' dir='ltr'>Qui</span> <span class='ocrx_word' id='word_1_414' title='bbox 1853 2337 2028 2402; x_wconf 88' lang='lat' dir='ltr'>properante</span> <span class='ocrx_word' id='word_1_415' title='bbox 2043 2326 2129 2384; x_wconf 91' lang='lat' dir='ltr'>iacob</span> <span class='ocrx_word' id='word_1_416' title='bbox 2143 2326 2198 2384; x_wconf 91' lang='lat' dir='ltr'>sub</span> <span class='ocrx_word' id='word_1_417' title='bbox 2213 2325 2300 2384; x_wconf 91' lang='lat' dir='ltr'>felici·</span> 
     </span>
     <span class='ocr_line' id='line_1_65' title="bbox 1396 2417 2300 2497; baseline 0.003 -23"><span class='ocrx_word' id='word_1_418' title='bbox 1396 2418 1462 2475; x_wconf 90' lang='lat' dir='ltr'>tatis</span> <span class='ocrx_word' id='word_1_419' title='bbox 1490 2417 1649 2476; x_wconf 88' lang='lat' dir='ltr'>commoda</span> <span class='ocrx_word' id='word_1_420' title='bbox 1677 2419 1780 2478; x_wconf 89' lang='lat' dir='ltr'>itinera</span> <span class='ocrx_word' id='word_1_421' title='bbox 1808 2421 1944 2491; x_wconf 84' lang='lat' dir='ltr'>direxisti,</span> <span class='ocrx_word' id='word_1_422' title='bbox 1970 2422 2078 2497; x_wconf 92' lang='lat' dir='ltr'>quique</span> <span class='ocrx_word' id='word_1_423' title='bbox 2106 2422 2161 2479; x_wconf 87' lang='lat' dir='ltr'>uiae</span> <span class='ocrx_word' id='word_1_424' title='bbox 2184 2439 2300 2480; x_wconf 91' lang='lat' dir='ltr'>cursum</span> 
     </span>
     <span class='ocr_line' id='line_1_66' title="bbox 1396 2512 2300 2591; baseline 0.003 -21"><span class='ocrx_word' id='word_1_425' title='bbox 1396 2527 1495 2570; x_wconf 91' lang='lat' dir='ltr'>eoram</span> <span class='ocrx_word' id='word_1_426' title='bbox 1510 2512 1791 2591; x_wconf 90' lang='lat' dir='ltr'>sollicitudinemque</span> <span class='ocrx_word' id='word_1_427' title='bbox 1807 2515 1943 2591; x_wconf 89' lang='lat' dir='ltr'>dignatus</span> <span class='ocrx_word' id='word_1_428' title='bbox 1953 2533 1985 2573; x_wconf 91' lang='lat' dir='ltr'>es</span> <span class='ocrx_word' id='word_1_429' title='bbox 1999 2533 2118 2590; x_wconf 88' lang='lat' dir='ltr'>gerere;</span> <span class='ocrx_word' id='word_1_430' title='bbox 2138 2533 2256 2574; x_wconf 87' lang='lat' dir='ltr'>necnon</span> <span class='ocrx_word' id='word_1_431' title='bbox 2271 2528 2300 2573; x_wconf 93' lang='lat' dir='ltr'>et</span> 
     </span>
     <span class='ocr_line' id='line_1_67' title="bbox 1396 2603 2300 2686; baseline 0.004 -22"><span class='ocrx_word' id='word_1_432' title='bbox 1396 2607 1485 2664; x_wconf 85' lang='lat' dir='ltr'>tobiae</span> <span class='ocrx_word' id='word_1_433' title='bbox 1500 2603 1610 2664; x_wconf 89' lang='lat' dir='ltr'>famulo</span> <span class='ocrx_word' id='word_1_434' title='bbox 1625 2617 1676 2664; x_wconf 90' lang='lat' dir='ltr'>tuo</span> <span class='ocrx_word' id='word_1_435' title='bbox 1691 2606 1828 2682; x_wconf 89' lang='lat' dir='ltr'>angelum</span> <span class='ocrx_word' id='word_1_436' title='bbox 1847 2618 1928 2666; x_wconf 91' lang='lat' dir='ltr'>tuum</span> <span class='ocrx_word' id='word_1_437' title='bbox 1950 2609 2053 2667; x_wconf 92' lang='lat' dir='ltr'>ducem</span> <span class='ocrx_word' id='word_1_438' title='bbox 2076 2610 2217 2686; x_wconf 84' lang='lat' dir='ltr'>praeuium</span> <span class='ocrx_word' id='word_1_439' title='bbox 2234 2627 2300 2685; x_wconf 90' lang='lat' dir='ltr'>pre·</span> 
     </span>
     <span class='ocr_line' id='line_1_68' title="bbox 1397 2699 2299 2779; baseline 0.003 -21"><span class='ocrx_word' id='word_1_440' title='bbox 1397 2700 1498 2759; x_wconf 89' lang='lat' dir='ltr'>stitisti.</span> <span class='ocrx_word' id='word_1_441' title='bbox 1557 2699 1744 2778; x_wconf 89' lang='lat' dir='ltr'>Quapropter</span> <span class='ocrx_word' id='word_1_442' title='bbox 1779 2703 2023 2779; x_wconf 89' lang='lat' dir='ltr'>omnipotentiam</span> <span class='ocrx_word' id='word_1_443' title='bbox 2055 2715 2143 2773; x_wconf 89' lang='lat' dir='ltr'>tuam,</span> <span class='ocrx_word' id='word_1_444' title='bbox 2171 2702 2299 2772; x_wconf 88' lang='lat' dir='ltr'>domine,</span> 
     </span>
     <span class='ocr_line' id='line_1_69' title="bbox 1396 2796 2300 2876; baseline 0.001 -21"><span class='ocrx_word' id='word_1_445' title='bbox 1396 2796 1540 2855; x_wconf 90' lang='lat' dir='ltr'>humiliter</span> <span class='ocrx_word' id='word_1_446' title='bbox 1561 2797 1759 2872; x_wconf 91' lang='lat' dir='ltr'>imploramus,</span> <span class='ocrx_word' id='word_1_447' title='bbox 1781 2810 1813 2856; x_wconf 93' lang='lat' dir='ltr'>ut</span> <span class='ocrx_word' id='word_1_448' title='bbox 1833 2799 1874 2856; x_wconf 90' lang='lat' dir='ltr'>ita</span> <span class='ocrx_word' id='word_1_449' title='bbox 1895 2798 2106 2876; x_wconf 87' lang='lat' dir='ltr'>profectionem</span> <span class='ocrx_word' id='word_1_450' title='bbox 2125 2798 2300 2858; x_wconf 89' lang='lat' dir='ltr'>famulomm</span> 
     </span>
     <span class='ocr_line' id='line_1_70' title="bbox 1395 2893 2299 2970; baseline 0.002 -20"><span class='ocrx_word' id='word_1_451' title='bbox 1395 2902 1521 2960; x_wconf 91' lang='lat' dir='ltr'>tuorum,</span> <span class='ocrx_word' id='word_1_452' title='bbox 1549 2909 1617 2949; x_wconf 90' lang='lat' dir='ltr'>cum</span> <span class='ocrx_word' id='word_1_453' title='bbox 1646 2909 1767 2950; x_wconf 90' lang='lat' dir='ltr'>suorum</span> <span class='ocrx_word' id='word_1_454' title='bbox 1795 2893 1943 2962; x_wconf 69' lang='lat' dir='ltr'>omnibns</span> <span class='ocrx_word' id='word_1_455' title='bbox 1971 2893 2103 2968; x_wconf 90' lang='lat' dir='ltr'>dirigere,</span> <span class='ocrx_word' id='word_1_456' title='bbox 2132 2911 2241 2970; x_wconf 88' lang='lat' dir='ltr'>eosque</span> <span class='ocrx_word' id='word_1_457' title='bbox 2269 2897 2299 2952; x_wconf 92' lang='lat' dir='ltr'>in</span> 
     </span>
     <span class='ocr_line' id='line_1_71' title="bbox 1395 2985 2300 3064; baseline 0.003 -21"><span class='ocrx_word' id='word_1_458' title='bbox 1395 2987 1496 3044; x_wconf 90' lang='lat' dir='ltr'>itinere</span> <span class='ocrx_word' id='word_1_459' title='bbox 1518 2985 1662 3045; x_wconf 91' lang='lat' dir='ltr'>custodire</span> <span class='ocrx_word' id='word_1_460' title='bbox 1685 2987 1820 3062; x_wconf 87' lang='lat' dir='ltr'>digneris,</span> <span class='ocrx_word' id='word_1_461' title='bbox 1836 2989 1973 3064; x_wconf 91' lang='lat' dir='ltr'>quatinus</span> <span class='ocrx_word' id='word_1_462' title='bbox 1994 2988 2163 3064; x_wconf 90' lang='lat' dir='ltr'>angelorum</span> <span class='ocrx_word' id='word_1_463' title='bbox 2186 3001 2300 3048; x_wconf 92' lang='lat' dir='ltr'>tuorum</span> 
     </span>
     <span class='ocr_line' id='line_1_72' title="bbox 1396 3079 2301 3159; baseline 0.002 -21"><span class='ocrx_word' id='word_1_464' title='bbox 1396 3080 1532 3156; x_wconf 83' lang='lat' dir='ltr'>praesidio</span> <span class='ocrx_word' id='word_1_465' title='bbox 1547 3079 1617 3150; x_wconf 93' lang='lat' dir='ltr'>fulti,</span> <span class='ocrx_word' id='word_1_466' title='bbox 1634 3081 1773 3140; x_wconf 86' lang='lat' dir='ltr'>comitatu</span> <span class='ocrx_word' id='word_1_467' title='bbox 1788 3099 1907 3159; x_wconf 93' lang='lat' dir='ltr'>quoque</span> <span class='ocrx_word' id='word_1_468' title='bbox 1923 3093 2090 3142; x_wconf 91' lang='lat' dir='ltr'>sanctorum</span> <span class='ocrx_word' id='word_1_469' title='bbox 2106 3084 2215 3154; x_wconf 91' lang='lat' dir='ltr'>muniti,</span> <span class='ocrx_word' id='word_1_470' title='bbox 2228 3083 2301 3142; x_wconf 93' lang='lat' dir='ltr'>Nul-</span> 
     </span>
     <span class='ocr_line' id='line_1_73' title="bbox 1396 3173 2299 3252; baseline 0.006 -22"><span class='ocrx_word' id='word_1_471' title='bbox 1396 3173 1456 3232; x_wconf 90' lang='lat' dir='ltr'>lum</span> <span class='ocrx_word' id='word_1_472' title='bbox 1481 3173 1642 3251; x_wconf 89' lang='lat' dir='ltr'>periculum</span> <span class='ocrx_word' id='word_1_473' title='bbox 1668 3176 1762 3250; x_wconf 87' lang='lat' dir='ltr'>spatia</span> <span class='ocrx_word' id='word_1_474' title='bbox 1788 3187 1879 3244; x_wconf 85' lang='lat' dir='ltr'>terrae,</span> <span class='ocrx_word' id='word_1_475' title='bbox 1902 3188 1951 3234; x_wconf 88' lang='lat' dir='ltr'>aut</span> <span class='ocrx_word' id='word_1_476' title='bbox 1974 3193 2026 3252; x_wconf 91' lang='lat' dir='ltr'>per</span> <span class='ocrx_word' id='word_1_477' title='bbox 2054 3177 2123 3252; x_wconf 89' lang='lat' dir='ltr'>iuga</span> <span class='ocrx_word' id='word_1_478' title='bbox 2147 3178 2299 3248; x_wconf 91' lang='lat' dir='ltr'>montium,</span> 
     </span>
     <span class='ocr_line' id='line_1_74' title="bbox 1396 3267 2300 3348; baseline 0.001 -21"><span class='ocrx_word' id='word_1_479' title='bbox 1396 3279 1521 3343; x_wconf 87' lang='lat' dir='ltr'>angusta</span> <span class='ocrx_word' id='word_1_480' title='bbox 1535 3267 1663 3338; x_wconf 86' lang='lat' dir='ltr'>uallium,</span> <span class='ocrx_word' id='word_1_481' title='bbox 1678 3268 1813 3345; x_wconf 83' lang='lat' dir='ltr'>uadoque</span> <span class='ocrx_word' id='word_1_482' title='bbox 1829 3268 1991 3341; x_wconf 89' lang='lat' dir='ltr'>fluminum,</span> <span class='ocrx_word' id='word_1_483' title='bbox 2005 3288 2120 3328; x_wconf 89' lang='lat' dir='ltr'>uenena</span> <span class='ocrx_word' id='word_1_484' title='bbox 2131 3285 2300 3348; x_wconf 89' lang='lat' dir='ltr'>serpentum</span> 
     </span>
     <span class='ocr_line' id='line_1_75' title="bbox 1396 3361 2301 3437; baseline 0.002 -17"><span class='ocrx_word' id='word_1_485' title='bbox 1396 3361 1442 3420; x_wconf 95' lang='lat' dir='ltr'>uel</span> <span class='ocrx_word' id='word_1_486' title='bbox 1458 3363 1598 3437; x_wconf 91' lang='lat' dir='ltr'>impetum</span> <span class='ocrx_word' id='word_1_487' title='bbox 1613 3361 1769 3420; x_wconf 88' lang='lat' dir='ltr'>bestiamm</span> <span class='ocrx_word' id='word_1_488' title='bbox 1791 3363 1958 3435; x_wconf 84' lang='lat' dir='ltr'>incurmnt;</span> <span class='ocrx_word' id='word_1_489' title='bbox 1981 3363 2032 3422; x_wconf 88' lang='lat' dir='ltr'>sed</span> <span class='ocrx_word' id='word_1_490' title='bbox 2048 3364 2101 3423; x_wconf 92' lang='lat' dir='ltr'>sub</span> <span class='ocrx_word' id='word_1_491' title='bbox 2117 3375 2168 3422; x_wconf 92' lang='lat' dir='ltr'>tuo</span> <span class='ocrx_word' id='word_1_492' title='bbox 2183 3365 2301 3422; x_wconf 92' lang='lat' dir='ltr'>nomine</span> 
     </span>
     <span class='ocr_line' id='line_1_76' title="bbox 1397 3453 2301 3536; baseline 0.003 -23"><span class='ocrx_word' id='word_1_493' title='bbox 1397 3456 1434 3514; x_wconf 91' lang='lat' dir='ltr'>ab</span> <span class='ocrx_word' id='word_1_494' title='bbox 1456 3454 1593 3513; x_wconf 92' lang='lat' dir='ltr'>omnibus</span> <span class='ocrx_word' id='word_1_495' title='bbox 1615 3455 1698 3514; x_wconf 90' lang='lat' dir='ltr'>malis</span> <span class='ocrx_word' id='word_1_496' title='bbox 1720 3453 1839 3526; x_wconf 90' lang='lat' dir='ltr'>defensi,</span> <span class='ocrx_word' id='word_1_497' title='bbox 1862 3456 1900 3515; x_wconf 88' lang='lat' dir='ltr'>ad</span> <span class='ocrx_word' id='word_1_498' title='bbox 1921 3456 2017 3516; x_wconf 92' lang='lat' dir='ltr'>locum</span> <span class='ocrx_word' id='word_1_499' title='bbox 2039 3456 2215 3516; x_wconf 87' lang='lat' dir='ltr'>destinatum</span> <span class='ocrx_word' id='word_1_500' title='bbox 2237 3477 2301 3536; x_wconf 89' lang='lat' dir='ltr'>per-</span> 
     </span>
     <span class='ocr_line' id='line_1_77' title="bbox 1398 3549 2301 3630; baseline 0.004 -24"><span class='ocrx_word' id='word_1_501' title='bbox 1398 3549 1525 3618; x_wconf 91' lang='lat' dir='ltr'>ueniant,</span> <span class='ocrx_word' id='word_1_502' title='bbox 1535 3559 1563 3606; x_wconf 92' lang='lat' dir='ltr'>et</span> <span class='ocrx_word' id='word_1_503' title='bbox 1575 3561 1723 3624; x_wconf 92' lang='lat' dir='ltr'>oportuno</span> <span class='ocrx_word' id='word_1_504' title='bbox 1735 3561 1867 3626; x_wconf 90' lang='lat' dir='ltr'>tempore</span> <span class='ocrx_word' id='word_1_505' title='bbox 1879 3551 1980 3608; x_wconf 90' lang='lat' dir='ltr'>iteratu</span> <span class='ocrx_word' id='word_1_506' title='bbox 1995 3553 2118 3627; x_wconf 89' lang='lat' dir='ltr'>repetito</span> <span class='ocrx_word' id='word_1_507' title='bbox 2130 3552 2167 3611; x_wconf 91' lang='lat' dir='ltr'>ad</span> <span class='ocrx_word' id='word_1_508' title='bbox 2184 3555 2301 3630; x_wconf 84' lang='lat' dir='ltr'>propria</span> 
     </span>
     <span class='ocr_line' id='line_1_78' title="bbox 1397 3644 2299 3724; baseline 0.002 -20"><span class='ocrx_word' id='word_1_509' title='bbox 1397 3645 1511 3714; x_wconf 91' lang='lat' dir='ltr'>reuerti,</span> <span class='ocrx_word' id='word_1_510' title='bbox 1526 3655 1554 3702; x_wconf 93' lang='lat' dir='ltr'>et</span> <span class='ocrx_word' id='word_1_511' title='bbox 1570 3644 1698 3720; x_wconf 85' lang='lat' dir='ltr'>suffragii</span> <span class='ocrx_word' id='word_1_512' title='bbox 1714 3646 1753 3704; x_wconf 89' lang='lat' dir='ltr'>tui</span> <span class='ocrx_word' id='word_1_513' title='bbox 1768 3657 1911 3705; x_wconf 89' lang='lat' dir='ltr'>mereatur</span> <span class='ocrx_word' id='word_1_514' title='bbox 1927 3645 2056 3724; x_wconf 86' lang='lat' dir='ltr'>adipisci.</span> <span class='ocrx_word' id='word_1_515' title='bbox 2079 3646 2135 3706; x_wconf 88' lang='lat' dir='ltr'>Per</span> <span class='ocrx_word' id='word_1_516' title='bbox 2150 3648 2299 3707; x_wconf 91' lang='lat' dir='ltr'>christum.</span> 
     </span>
    </p>
   </div>
   <div class='ocr_carea' id='block_1_19' title="bbox 1398 3865 2301 4424">
    <p class='ocr_par' dir='ltr' id='par_1_20' title="bbox 1762 3865 1943 3948">
     <span class='ocr_line' id='line_1_79' title="bbox 1762 3865 1943 3948; baseline 0 -20"><span class='ocrx_word' id='word_1_517' title='bbox 1762 3865 1827 3944; x_wconf 61' lang='lat' dir='ltr'>{Bru</span> <span class='ocrx_word' id='word_1_518' title='bbox 1848 3883 1914 3948; x_wconf 82' lang='lat' dir='ltr'>pan</span> <span class='ocrx_word' id='word_1_519' title='bbox 1922 3868 1943 3928; x_wconf 87' lang='lat'>⁸.</span> 
     </span>
    </p>

    <p class='ocr_par' dir='ltr' id='par_1_21' title="bbox 1398 3984 2301 4424">
     <span class='ocr_line' id='line_1_80' title="bbox 1439 3984 2301 4064; baseline 0.003 -21"><span class='ocrx_word' id='word_1_520' title='bbox 1439 3984 1476 4043; x_wconf 93' lang='lat' dir='ltr'>U.</span> <span class='ocrx_word' id='word_1_521' title='bbox 1500 3984 1536 4043; x_wconf 92' lang='lat' dir='ltr'>D.</span> <span class='ocrx_word' id='word_1_522' title='bbox 1562 3995 1669 4046; x_wconf 86' lang='lat' dir='ltr'>aeterne</span> <span class='ocrx_word' id='word_1_523' title='bbox 1692 3985 1773 4046; x_wconf 91' lang='lat' dir='ltr'>deus.</span> <span class='ocrx_word' id='word_1_524' title='bbox 1817 3985 1878 4047; x_wconf 92' lang='lat' dir='ltr'>Sub</span> <span class='ocrx_word' id='word_1_525' title='bbox 1899 3991 1981 4047; x_wconf 92' lang='lat' dir='ltr'>euius</span> <span class='ocrx_word' id='word_1_526' title='bbox 2007 3988 2158 4064; x_wconf 89' lang='lat' dir='ltr'>potestatis</span> <span class='ocrx_word' id='word_1_527' title='bbox 2183 3988 2301 4046; x_wconf 90' lang='lat' dir='ltr'>arbitrio</span> 
     </span>
     <span class='ocr_line' id='line_1_81' title="bbox 1399 4081 2300 4157; baseline 0.001 -18"><span class='ocrx_word' id='word_1_528' title='bbox 1399 4081 1531 4139; x_wconf 91' lang='lat' dir='ltr'>omniurn</span> <span class='ocrx_word' id='word_1_529' title='bbox 1559 4099 1717 4157; x_wconf 88' lang='lat' dir='ltr'>regnorum</span> <span class='ocrx_word' id='word_1_530' title='bbox 1745 4083 1909 4140; x_wconf 89' lang='lat' dir='ltr'>continetur</span> <span class='ocrx_word' id='word_1_531' title='bbox 1937 4092 2074 4157; x_wconf 88' lang='lat' dir='ltr'>potestas,</span> <span class='ocrx_word' id='word_1_532' title='bbox 2101 4093 2129 4140; x_wconf 91' lang='lat' dir='ltr'>te</span> <span class='ocrx_word' id='word_1_533' title='bbox 2157 4081 2300 4140; x_wconf 88' lang='lat' dir='ltr'>humiliter</span> 
     </span>
     <span class='ocr_line' id='line_1_82' title="bbox 1399 4174 2300 4252; baseline 0 -19"><span class='ocrx_word' id='word_1_534' title='bbox 1399 4174 1598 4251; x_wconf 78' lang='lat' dir='ltr'>deprecamur,</span> <span class='ocrx_word' id='word_1_535' title='bbox 1624 4186 1656 4232; x_wconf 93' lang='lat' dir='ltr'>ut</span> <span class='ocrx_word' id='word_1_536' title='bbox 1685 4175 1863 4252; x_wconf 90' lang='lat' dir='ltr'>principibus</span> <span class='ocrx_word' id='word_1_537' title='bbox 1891 4177 1999 4235; x_wconf 91' lang='lat' dir='ltr'>nostris</span> <span class='ocrx_word' id='word_1_538' title='bbox 2027 4177 2170 4252; x_wconf 91' lang='lat' dir='ltr'>propitius</span> <span class='ocrx_word' id='word_1_539' title='bbox 2198 4176 2300 4234; x_wconf 88' lang='lat' dir='ltr'>adesse</span> 
     </span>
     <span class='ocr_line' id='line_1_83' title="bbox 1398 4267 2300 4346; baseline 0.003 -21"><span class='ocrx_word' id='word_1_540' title='bbox 1398 4267 1525 4344; x_wconf 89' lang='lat' dir='ltr'>digneris</span> <span class='ocrx_word' id='word_1_541' title='bbox 1537 4287 1547 4341; x_wconf 88' lang='lat'>;</span> <span class='ocrx_word' id='word_1_542' title='bbox 1567 4279 1599 4327; x_wconf 93' lang='lat' dir='ltr'>ut</span> <span class='ocrx_word' id='word_1_543' title='bbox 1620 4269 1669 4344; x_wconf 93' lang='lat' dir='ltr'>qui</span> <span class='ocrx_word' id='word_1_544' title='bbox 1693 4279 1741 4327; x_wconf 90' lang='lat' dir='ltr'>tua</span> <span class='ocrx_word' id='word_1_545' title='bbox 1762 4281 1904 4345; x_wconf 85' lang='lat' dir='ltr'>expetunt</span> <span class='ocrx_word' id='word_1_546' title='bbox 1925 4287 1957 4328; x_wconf 92' lang='lat' dir='ltr'>se</span> <span class='ocrx_word' id='word_1_547' title='bbox 1979 4271 2161 4346; x_wconf 90' lang='lat' dir='ltr'>protectione</span> <span class='ocrx_word' id='word_1_548' title='bbox 2184 4269 2300 4328; x_wconf 90' lang='lat' dir='ltr'>defendi</span> 
     </span>
     <span class='ocr_line' id='line_1_84' title="bbox 1399 4362 2175 4424; baseline 0.003 -2"><span class='ocrx_word' id='word_1_549' title='bbox 1399 4363 1537 4422; x_wconf 90' lang='lat' dir='ltr'>omnibus</span> <span class='ocrx_word' id='word_1_550' title='bbox 1551 4363 1608 4421; x_wconf 92' lang='lat' dir='ltr'>sint</span> <span class='ocrx_word' id='word_1_551' title='bbox 1623 4363 1755 4422; x_wconf 89' lang='lat' dir='ltr'>hostibus</span> <span class='ocrx_word' id='word_1_552' title='bbox 1773 4362 1915 4423; x_wconf 86' lang='lat' dir='ltr'>fortiores.</span> <span class='ocrx_word' id='word_1_553' title='bbox 1959 4362 2014 4422; x_wconf 91' lang='lat' dir='ltr'>Per</span> <span class='ocrx_word' id='word_1_554' title='bbox 2028 4364 2175 4424; x_wconf 90' lang='lat' dir='ltr'>christum.</span> 
     </span>
    </p>
   </div>
   <div class='ocr_carea' id='block_1_20' title="bbox 1618 4577 2074 4661">
    <p class='ocr_par' dir='ltr' id='par_1_22' title="bbox 1618 4577 2074 4661">
     <span class='ocr_line' id='line_1_85' title="bbox 1618 4577 2074 4661; baseline 0.004 -20"><span class='ocrx_word' id='word_1_555' title='bbox 1618 4577 1665 4642; x_wconf 75' lang='lat' dir='ltr'>at</span> <span class='ocrx_word' id='word_1_556' title='bbox 1685 4580 1816 4661; x_wconf 81' lang='lat' dir='ltr'>pluuium</span> <span class='ocrx_word' id='word_1_557' title='bbox 1838 4582 2044 4661; x_wconf 75' lang='lat' dir='ltr'>postulantem</span> <span class='ocrx_word' id='word_1_558' title='bbox 2053 4585 2074 4643; x_wconf 85' lang='lat'>⁴.</span> 
     </span>
    </p>
   </div>
   <div class='ocr_carea' id='block_1_21' title="bbox 1398 4701 2302 5354">
    <p class='ocr_par' dir='ltr' id='par_1_23' title="bbox 1398 4701 2302 5354">
     <span class='ocr_line' id='line_1_86' title="bbox 1440 4701 2298 4765; baseline 0 -3"><span class='ocrx_word' id='word_1_559' title='bbox 1440 4701 1477 4762; x_wconf 90' lang='lat' dir='ltr'>U.</span> <span class='ocrx_word' id='word_1_560' title='bbox 1506 4701 1544 4760; x_wconf 93' lang='lat' dir='ltr'>D.</span> <span class='ocrx_word' id='word_1_561' title='bbox 1574 4714 1681 4762; x_wconf 85' lang='lat' dir='ltr'>aeteme</span> <span class='ocrx_word' id='word_1_562' title='bbox 1714 4704 1793 4763; x_wconf 91' lang='lat' dir='ltr'>deus.</span> <span class='ocrx_word' id='word_1_563' title='bbox 1847 4703 2045 4765; x_wconf 87' lang='lat' dir='ltr'>Obsecrantes</span> <span class='ocrx_word' id='word_1_564' title='bbox 2073 4705 2298 4764; x_wconf 88' lang='lat' dir='ltr'>misericordiam</span> 
     </span>
     <span class='ocr_line' id='line_1_87' title="bbox 1399 4797 2299 4876; baseline 0.001 -20"><span class='ocrx_word' id='word_1_565' title='bbox 1399 4807 1488 4869; x_wconf 89' lang='lat' dir='ltr'>tuam,</span> <span class='ocrx_word' id='word_1_566' title='bbox 1503 4811 1534 4855; x_wconf 90' lang='lat' dir='ltr'>ut</span> <span class='ocrx_word' id='word_1_567' title='bbox 1548 4797 1715 4874; x_wconf 89' lang='lat' dir='ltr'>squalentes</span> <span class='ocrx_word' id='word_1_568' title='bbox 1729 4799 1790 4876; x_wconf 89' lang='lat' dir='ltr'>agri</span> <span class='ocrx_word' id='word_1_569' title='bbox 1805 4798 1950 4858; x_wconf 87' lang='lat' dir='ltr'>foecuudis</span> <span class='ocrx_word' id='word_1_570' title='bbox 1969 4801 2110 4859; x_wconf 89' lang='lat' dir='ltr'>imbribus</span> <span class='ocrx_word' id='word_1_571' title='bbox 2124 4801 2299 4876; x_wconf 89' lang='lat' dir='ltr'>inrigentur;</span> 
     </span>
     <span class='ocr_line' id='line_1_88' title="bbox 1400 4891 2300 4972; baseline 0.001 -21"><span class='ocrx_word' id='word_1_572' title='bbox 1400 4891 1515 4964; x_wconf 90' lang='lat' dir='ltr'>Quibus</span> <span class='ocrx_word' id='word_1_573' title='bbox 1530 4906 1654 4952; x_wconf 88' lang='lat' dir='ltr'>aestuum</span> <span class='ocrx_word' id='word_1_574' title='bbox 1669 4894 1815 4953; x_wconf 82' lang='lat' dir='ltr'>initientur</span> <span class='ocrx_word' id='word_1_575' title='bbox 1829 4895 1956 4964; x_wconf 90' lang='lat' dir='ltr'>ardores,</span> <span class='ocrx_word' id='word_1_576' title='bbox 1969 4897 2030 4954; x_wconf 92' lang='lat' dir='ltr'>siue</span> <span class='ocrx_word' id='word_1_577' title='bbox 2046 4897 2208 4972; x_wconf 88' lang='lat' dir='ltr'>ingentium</span> <span class='ocrx_word' id='word_1_578' title='bbox 2224 4913 2300 4953; x_wconf 94' lang='lat' dir='ltr'>mor·</span> 
     </span>
     <span class='ocr_line' id='line_1_89' title="bbox 1399 4987 2300 5066; baseline 0.001 -20"><span class='ocrx_word' id='word_1_579' title='bbox 1399 4987 1504 5046; x_wconf 92' lang='lat' dir='ltr'>borum</span> <span class='ocrx_word' id='word_1_580' title='bbox 1526 4989 1710 5064; x_wconf 84' lang='lat' dir='ltr'>extinguatur</span> <span class='ocrx_word' id='word_1_581' title='bbox 1737 4991 1881 5050; x_wconf 91' lang='lat' dir='ltr'>accensio.</span> <span class='ocrx_word' id='word_1_582' title='bbox 1924 4991 2021 5066; x_wconf 86' lang='lat' dir='ltr'>Atque</span> <span class='ocrx_word' id='word_1_583' title='bbox 2046 5003 2078 5049; x_wconf 90' lang='lat' dir='ltr'>ut</span> <span class='ocrx_word' id='word_1_584' title='bbox 2099 4991 2171 5060; x_wconf 85' lang='lat' dir='ltr'>haec,</span> <span class='ocrx_word' id='word_1_585' title='bbox 2195 5003 2222 5049; x_wconf 93' lang='lat' dir='ltr'>te</span> <span class='ocrx_word' id='word_1_586' title='bbox 2247 4990 2300 5048; x_wconf 89' lang='lat' dir='ltr'>lar-</span> 
     </span>
     <span class='ocr_line' id='line_1_90' title="bbox 1398 5082 2302 5160; baseline 0.001 -21"><span class='ocrx_word' id='word_1_587' title='bbox 1398 5082 1506 5159; x_wconf 85' lang='lat' dir='ltr'>giente,</span> <span class='ocrx_word' id='word_1_588' title='bbox 1534 5100 1705 5154; x_wconf 89' lang='lat' dir='ltr'>mereamur,</span> <span class='ocrx_word' id='word_1_589' title='bbox 1733 5092 1854 5160; x_wconf 91' lang='lat' dir='ltr'>peccata</span> <span class='ocrx_word' id='word_1_590' title='bbox 1889 5102 1956 5160; x_wconf 88' lang='lat' dir='ltr'>quae</span> <span class='ocrx_word' id='word_1_591' title='bbox 1991 5087 2077 5145; x_wconf 92' lang='lat' dir='ltr'>uobis</span> <span class='ocrx_word' id='word_1_592' title='bbox 2111 5085 2302 5144; x_wconf 87' lang='lat' dir='ltr'>aduersantur</span> 
     </span>
     <span class='ocr_line' id='line_1_91' title="bbox 1399 5175 2301 5254; baseline 0.004 -22"><span class='ocrx_word' id='word_1_593' title='bbox 1399 5175 1511 5246; x_wconf 83' lang='lat' dir='ltr'>relaxa;</span> <span class='ocrx_word' id='word_1_594' title='bbox 1535 5175 1594 5248; x_wconf 92' lang='lat' dir='ltr'>Qui</span> <span class='ocrx_word' id='word_1_595' title='bbox 1610 5177 1685 5254; x_wconf 91' lang='lat' dir='ltr'>pluis</span> <span class='ocrx_word' id='word_1_596' title='bbox 1699 5195 1786 5254; x_wconf 89' lang='lat' dir='ltr'>super</span> <span class='ocrx_word' id='word_1_597' title='bbox 1801 5178 1893 5237; x_wconf 93' lang='lat' dir='ltr'>iustos</span> <span class='ocrx_word' id='word_1_598' title='bbox 1907 5189 1936 5236; x_wconf 93' lang='lat' dir='ltr'>et</span> <span class='ocrx_word' id='word_1_599' title='bbox 1951 5179 2074 5238; x_wconf 90' lang='lat' dir='ltr'>iniustos</span> <span class='ocrx_word' id='word_1_600' title='bbox 2091 5181 2178 5238; x_wconf 89' lang='lat' dir='ltr'>etiam</span> <span class='ocrx_word' id='word_1_601' title='bbox 2195 5180 2301 5238; x_wconf 91' lang='lat' dir='ltr'>nostris</span> 
     </span>
     <span class='ocr_line' id='line_1_92' title="bbox 1399 5267 2301 5354; baseline 0.001 -25"><span class='ocrx_word' id='word_1_602' title='bbox 1399 5269 1612 5330; x_wconf 81' lang='lat' dir='ltr'>offensionibus</span> <span class='ocrx_word' id='word_1_603' title='bbox 1647 5271 1788 5342; x_wconf 86' lang='lat' dir='ltr'>relaxatis,</span> <span class='ocrx_word' id='word_1_604' title='bbox 1816 5267 1996 5354; x_wconf 85' lang='lat' dir='ltr'>expecta[ta]</span> <span class='ocrx_word' id='word_1_605' title='bbox 2029 5275 2151 5332; x_wconf 91' lang='lat' dir='ltr'>nubium</span> <span class='ocrx_word' id='word_1_606' title='bbox 2182 5291 2301 5333; x_wconf 88' lang='lat' dir='ltr'>munera</span> 
     </span>
    </p>
   </div>
   <div class='ocr_carea' id='block_1_22' title="bbox 1400 5364 2300 5519">
    <p class='ocr_par' dir='ltr' id='par_1_24' title="bbox 1400 5364 2300 5519">
     <span class='ocr_line' id='line_1_93' title="bbox 1400 5364 2300 5446; baseline 0.004 -24"><span class='ocrx_word' id='word_1_607' title='bbox 1400 5365 1546 5440; x_wconf 86' lang='lat' dir='ltr'>largiaris;</span> <span class='ocrx_word' id='word_1_608' title='bbox 1567 5364 1683 5437; x_wconf 91' lang='lat' dir='ltr'>Quibus</span> <span class='ocrx_word' id='word_1_609' title='bbox 1697 5376 1726 5425; x_wconf 90' lang='lat' dir='ltr'>et</span> <span class='ocrx_word' id='word_1_610' title='bbox 1740 5367 1818 5426; x_wconf 91' lang='lat' dir='ltr'>salus</span> <span class='ocrx_word' id='word_1_611' title='bbox 1833 5368 1919 5427; x_wconf 92' lang='lat' dir='ltr'>nobis</span> <span class='ocrx_word' id='word_1_612' title='bbox 1930 5381 1959 5427; x_wconf 92' lang='lat' dir='ltr'>et</span> <span class='ocrx_word' id='word_1_613' title='bbox 1970 5368 2107 5428; x_wconf 87' lang='lat' dir='ltr'>alimenta</span> <span class='ocrx_word' id='word_1_614' title='bbox 2121 5381 2300 5446; x_wconf 88' lang='lat' dir='ltr'>praestentur.</span> 
     </span>
     <span class='ocr_line' id='line_1_94' title="bbox 1400 5457 1617 5519; baseline 0.005 -3"><span class='ocrx_word' id='word_1_615' title='bbox 1400 5457 1455 5519; x_wconf 91' lang='lat' dir='ltr'>Per</span> <span class='ocrx_word' id='word_1_616' title='bbox 1470 5459 1617 5519; x_wconf 88' lang='lat' dir='ltr'>christum.</span> 
     </span>
    </p>
   </div>
   <div class='ocr_carea' id='block_1_23' title="bbox 2215 5572 2295 5581">
    <p class='ocr_par' dir='ltr' id='par_1_25' title="bbox 2215 5572 2295 5581">
     <span class='ocr_line' id='line_1_95' title="bbox 2215 5572 2295 5581; baseline 0.013 -1"><span class='ocrx_word' id='word_1_617' title='bbox 2215 5572 2295 5581; x_wconf 73' lang='grc' dir='ltr'>-ι</span> 
     </span>
    </p>
   </div>
   <div class='ocr_carea' id='block_1_24' title="bbox 1686 5609 2284 5677">
    <p class='ocr_par' dir='ltr' id='par_1_26' title="bbox 1686 5609 2284 5677">
     <span class='ocr_line' id='line_1_96' title="bbox 1686 5609 2284 5677; baseline 0.01 -20"><span class='ocrx_word' id='word_1_618' title='bbox 1686 5609 1696 5636; x_wconf 76' lang='lat'>²</span> <span class='ocrx_word' id='word_1_619' title='bbox 1713 5609 1858 5661; x_wconf 68' lang='lat' dir='ltr'>norman.</span> <span class='ocrx_word' id='word_1_620' title='bbox 1948 5611 1959 5640; x_wconf 81' lang='lat'><strong>³</strong></span> <span class='ocrx_word' id='word_1_621' title='bbox 1976 5612 2085 5677; x_wconf 65' lang='lat' dir='ltr'>roim</span> <span class='ocrx_word' id='word_1_622' title='bbox 2097 5615 2120 5664; x_wconf 82' lang='lat' dir='ltr'>s.</span> <span class='ocrx_word' id='word_1_623' title='bbox 2220 5614 2229 5642; x_wconf 86' lang='lat'><strong>·</strong></span> <span class='ocrx_word' id='word_1_624' title='bbox 2246 5615 2284 5664; x_wconf 84' lang='lat' dir='ltr'>n.</span> 
     </span>
    </p>
   </div>
   <div class='ocr_carea' id='block_1_25' title="bbox 1417 5607 1586 5723">
    <p class='ocr_par' dir='ltr' id='par_1_27' title="bbox 1417 5607 1586 5723">
     <span class='ocr_line' id='line_1_97' title="bbox 1417 5607 1586 5658; baseline 0 -2"><span class='ocrx_word' id='word_1_625' title='bbox 1417 5607 1423 5635; x_wconf 90' lang='lat'>¹</span> <span class='ocrx_word' id='word_1_626' title='bbox 1443 5608 1497 5657; x_wconf 89' lang='lat' dir='ltr'>Fol.</span> <span class='ocrx_word' id='word_1_627' title='bbox 1510 5609 1554 5658; x_wconf 88' lang='lat'>188</span> <span class='ocrx_word' id='word_1_628' title='bbox 1564 5624 1586 5658; x_wconf 77' lang='lat' dir='ltr'>a.</span> 
     </span>
     <span class='ocr_line' id='line_1_98' title="bbox 1432 5699 1441 5723; baseline 0 0"><span class='ocrx_word' id='word_1_629' title='bbox 1432 5699 1441 5723; x_wconf 76' lang='grc' dir='ltr'>ι</span> 
     </span>
    </p>
   </div>
   <div class='ocr_carea' id='block_1_26' title="bbox 0 0 2568 6608">
    <p class='ocr_par' dir='ltr' id='par_1_28' title="bbox 0 0 2568 6608">
     <span class='ocr_line' id='line_1_99' title="bbox 0 0 2568 6608; baseline 0 0"><span class='ocrx_word' id='word_1_630' title='bbox 0 0 2568 6608; x_wconf 95' lang='lat' dir='ltr'> </span> 
     </span>
    </p>
   </div>
  </div>
 </body>
</html>
