5148 6612
586 565 655 658 liro
681 564 899 657 penitentibus.

295 763 453 842 impendas.
497 763 650 838 Quatenus
670 784 708 825 ex
722 775 786 825 toto
805 765 894 825 corde
915 775 944 825 et
965 784 1001 825 ex
1021 775 1085 826 toto
1105 765 1193 826 corde

295 871 323 918 et
348 877 383 918 ex
407 868 471 918 tota
498 870 597 920 mente
621 860 673 920 tibi
696 859 847 934 deseruiat,
873 871 902 920 et
925 862 980 922 sub
1005 871 1054 920 tua
1077 878 1194 939 semper

294 953 471 1032 protectione
493 955 642 1027 consistat,
661 964 693 1015 ut
712 955 833 1033 quando
856 956 883 1015 ei
905 967 1035 1016 extrema
1059 956 1122 1016 dies
1142 975 1194 1016 ue·

295 1049 375 1120 nerit,
400 1049 570 1110 societatem
594 1050 730 1109 omnium
758 1061 927 1111 sanctorum
954 1051 1103 1128 percipiat,
1126 1069 1194 1112 cum

293 1144 395 1220 quibus
409 1143 636 1204 inenarrabilem
652 1145 779 1223 gloriam
794 1145 856 1205 sine
870 1146 929 1205 fine
943 1145 1103 1224 possideat.
1139 1145 1194 1206 Per

294 1239 437 1298 christum

336 1332 505 1393 Commune'o.
527 1333 669 1413 Intellege
691 1335 850 1396 clamorem
868 1355 977 1407 meum,
992 1336 1112 1397 intende
1126 1338 1193 1398 uoci

295 1428 430 1487 orationis
450 1445 526 1504 mee,
548 1448 599 1490 rex
620 1447 705 1490 meus
730 1441 759 1490 et
779 1430 852 1490 deus
873 1449 967 1503 meus,
989 1431 1130 1509 quoniam
1156 1431 1193 1490 ad

295 1533 322 1582 te
336 1522 435 1595 orabo,
450 1522 582 1584 domine.

614 1605 867 1683 Adcomplmdom.

333 1709 422 1782 Deus,
439 1713 489 1790 qui
511 1712 622 1790 populo
643 1723 694 1772 tuo
715 1705 847 1792 pastores
868 1732 985 1792 preesse
1005 1714 1130 1786 uoluisti,
1152 1713 1193 1774 la-

293 1805 403 1865 mulum
416 1817 499 1866 tuum
513 1807 686 1887 episcopum
701 1819 843 1868 nostrum.
858 1809 900 1868 ill.
915 1827 1005 1887 quem
1025 1827 1143 1887 preesse
1165 1818 1194 1866 et

293 1900 431 1977 prodesse
457 1899 561 1977 eclesie
585 1911 634 1978 tue
657 1902 773 1976 iussisti,
795 1902 841 1974 da,
864 1919 1033 1981 quesumus,
1048 1914 1080 1962 ut
1100 1904 1194 1963 inces-

296 2004 393 2054 santer
406 2005 487 2056 recta
500 1997 653 2056 monendo
663 2005 693 2056 et
706 1997 858 2074 operando
873 1996 1058 2057 subditorum
1072 2013 1194 2057 suorum

293 2099 403 2149 mentes
424 2090 455 2148 in
476 2089 519 2149 tui
540 2091 648 2150 amoris
668 2090 814 2151 desiderio
839 2092 953 2164 excitet,
974 2100 1004 2152 et
1029 2092 1194 2151 secundum

294 2193 321 2240 te
335 2182 372 2242 ad
385 2183 536 2244 utilitatem
553 2185 597 2246 sui
614 2195 772 2262 prouectus
791 2194 821 2245 et
835 2185 960 2246 aliorum
975 2187 1075 2246 uiuere
1090 2186 1193 2247 ualeat

295 2274 355 2336 Per.

536 2509 649 2584 fflissa
668 2527 721 2593 pto
742 2511 949 2592 penitentibus.

333 2646 482 2710 Misereris
509 2653 650 2726 omnium,
673 2650 803 2724 domine,
827 2661 857 2712 et
885 2652 955 2712 nihil
978 2653 1065 2712 odisti
1093 2671 1195 2713 eorum

295 2761 350 2820 que
370 2741 471 2816 fecisti,
493 2744 676 2807 dissimulans
697 2757 818 2826 peccata
839 2745 993 2807 hominum
1019 2760 1048 2807 et
1071 2766 1196 2826 parcens

295 2837 347 2896 illis
361 2839 430 2916 quia
443 2848 474 2898 tu
489 2857 521 2898 es
536 2839 672 2901 dominus
687 2841 760 2902 deus
774 2851 882 2902 noster.

332 2930 479 2994 Psalmus.
501 2933 640 2995 Miserere
655 2936 723 3007 mei,
738 2934 820 3008 deus,
836 2935 982 2996 miserere.

692 3082 799 3144 Oratio.

333 3186 439 3249 Preces
456 3199 579 3262 nostras,
594 3209 763 3268 quesumus,
784 3191 912 3263 domine,
934 3209 1047 3252 memor
1067 3192 1195 3268 humane

294 3281 452 3360 fragilitatis
474 3284 605 3361 placatus
619 3285 750 3357 admitte,-
764 3296 793 3346 et
814 3287 882 3364 quia
903 3286 1074 3347 infirmitatis
1096 3297 1195 3362 nostre

294 3378 404 3437 conscii
429 3378 467 3438 ad
495 3379 680 3456 impetranda
702 3398 760 3457 que
787 3381 939 3459 poscimus
960 3383 997 3440 de
1026 3383 1195 3442 meritorum

294 3470 431 3549 qualitate
452 3471 618 3546 diffidimus,
633 3474 771 3552 pietatem
792 3485 874 3535 tuam
892 3475 1037 3535 humiliter
1056 3475 1195 3554 implora·

294 3583 368 3638 mus,
383 3578 415 3625 ut
429 3566 637 3627 intercessione
652 3578 753 3644 sancte
767 3568 814 3628 dei
829 3569 977 3646 genitricis
994 3571 1094 3644 marie,
1108 3589 1195 3630 sanc·

294 3668 448 3738 torumque
468 3660 602 3720 omnium
623 3662 835 3740 apostolorum,
855 3672 1023 3742 martyrum,
1043 3663 1194 3725 confesso·

294 3771 367 3826 rum,
380 3754 536 3832 uirginum,
552 3757 743 3835 omniumque
760 3756 918 3818 electorum
939 3767 1064 3830 tuorum,
1079 3758 1194 3819 famulis

293 3848 349 3909 tuis
363 3848 414 3908 all.
428 3867 463 3908 ac
477 3848 641 3910 famulabus
651 3851 793 3930 propitius
806 3851 1018 3930 indulgentiam
1033 3851 1194 3931 culparum,

294 3952 323 4000 et
335 3942 546 4021 plenitudinem
560 3955 725 4020 eternorum
739 3946 869 4024 largiaris
882 3945 1065 4022 gaudiorum.
1109 3947 1173 4006 Per.

530 4089 624 4152 Lectio
637 4093 712 4153 beon'
721 4093 812 4154 rireobe’
821 4094 963 4173 aposlolt'¹.

333 4197 498 4271 Karissimi,
512 4200 694 4261 confitemini
714 4201 883 4262 alterutrum
904 4213 1027 4280 peccata
1046 4215 1151 4276 uestra,
1166 4215 1196 4264 et

293 4303 372 4352 orate
391 4311 447 4371 pro
468 4292 596 4354 inuicem
617 4306 649 4356 ut
669 4296 831 4357 saluemini.
874 4295 1002 4357 Multum
1020 4299 1099 4358 enim
1118 4298 1196 4358 ualet

293 4387 459 4466 deprecatio
491 4388 558 4449 iusti
587 4390 713 4452 assidua
756 4390 860 4453 Helias
887 4391 979 4453 homo
1006 4402 1067 4453 erat
1093 4392 1194 4452 similis

292 4482 379 4545 nobis
399 4482 565 4560 passibil'm3
590 4495 619 4544 et
639 4487 802 4546 orationem
824 4487 925 4560 orauit,
947 4496 1061 4546 utnon
1083 4486 1195 4564 plueret

292 4593 381 4654 super
399 4588 515 4650 terram,
536 4589 566 4638 et
583 4596 646 4638 non
665 4579 738 4659 pluit
757 4599 853 4641 annos
870 4593 928 4642 tres
945 4591 975 4641 et
993 4599 1111 4641 menses
1133 4599 1194 4642 sen.

290 4667 330 4728 Et
343 4689 456 4732 rursum
470 4673 572 4746 orauit,
584 4684 613 4734 et
626 4674 721 4734 celum
736 4675 815 4736 dedit
829 4676 968 4754 pluuiam,
982 4685 1012 4737 et
1026 4687 1102 4735 terra
1115 4674 1195 4735 dedit

290 4762 417 4824 fructum
444 4767 560 4826 suum'.
603 4768 633 4828 Si
659 4770 725 4849 quis
745 4770 863 4831 autem⁸
884 4771 1019 4831 errauerit
1043 4789 1080 4830 ex
1110 4770 1194 4829 uobis

290 4875 310 4917 a
322 4859 452 4932 ueritate,
462 4869 492 4920 et
506 4864 680 4923 conuenerit
694 4865 850 4942 quiscum,
865 4865 939 4925 scire
953 4864 1040 4926 debet
1053 4865 1193 4942 quoniam

291 4951 342 5028 qui
369 4954 501 5014 conuerti
528 4955 628 5018 feeerit
656 4969 841 5036 peecatorem
869 4959 907 5019 ab
935 4976 1032 5020 errore
1056 4959 1104 5034 uie
1131 4977 1192 5033 sue,

292 5045 414 5108 saluabit
442 5050 571 5110 animam
603 5052 666 5112 eius
693 5072 711 5113 a
735 5063 838 5127 morte,
865 5063 894 5116 et
925 5053 1039 5132 operit‘
1066 5052 1193 5113 multitu-

291 5140 390 5202 dinem
404 5157 602 5222 peccatorum.

336 5235 490 5299 Graolule.
513 5241 650 5320 Respice,
662 5243 790 5318 domine,
802 5245 832 5304 in
844 5255 1050 5306 testamentum
1061 5255 1153 5319 tuum,
1164 5254 1194 5307 et

291 5331 403 5393 animas
417 5352 580 5413 pauperum
591 5347 709 5397 tuorum
722 5357 759 5400 ne
773 5339 953 5402 obliuiscaris
966 5341 997 5400 in
1012 5341 1110 5402 finem.

325 5542 333 5572 ¹
350 5541 399 5593 Iac.
412 5559 436 5595 v.
450 5543 538 5597 16-20.

324 5621 337 5654 ⁴
349 5620 407 5672 Vol.
418 5623 521 5690 operiet.

661 5547 869 5606 ¹Vu1.÷natres
880 5552 938 5608 mei.
1050 5551 1136 5604 ’Vol
1147 5569 1193 5603 om.

1546 565 1617 659 lite
1642 565 1860 659 armantibus.
2110 588 2153 660 13

1296 765 1327 828 V.
1349 764 1477 844 Exurge,
1493 764 1620 838 domine,
1635 777 1664 826 et
1683 765 1779 826 iudica
1797 783 1917 826 causam
1936 774 2025 839 tuam,
2039 783 2154 827 memor

1247 871 1310 921 esto
1325 861 1475 938 obprobrii
1489 878 1640 921 seruorum
1655 871 1781 920 tuorum.
1823 861 1925 921 Aeuia

1294 956 1326 1015 V.
1347 956 1408 1031 Qui
1424 965 1508 1016 sanat
1522 957 1663 1018 contritos
1683 955 1782 1028 corde,
1797 965 1826 1016 et
1847 955 1944 1034 alligat
1965 957 2153 1016 contritiones

1245 1068 1355 1112 eorum.

1545 1130 1702 1193 Secundum
1716 1132 1806 1190 lucum
1816 1132 1833 1192 ¹.

1287 1239 1324 1299 In
1341 1239 1397 1299 illis
1415 1251 1499 1300 erant
1517 1240 1787 1318 appropinquantes
1808 1241 1846 1301 ad
1867 1241 1983 1301 ihesum
2005 1241 2154 1319 publicani

1246 1345 1274 1395 et
1302 1345 1472 1412 peccatores
1500 1345 1533 1396 ut
1561 1335 1695 1396 audirent
1722 1335 1812 1396 illum.
1868 1335 1907 1394 Et
1934 1338 2154 1396 murmurabant

1246 1429 1371 1507 pharisei
1392 1441 1421 1490 et
1442 1430 1537 1506 scribe
1559 1430 1707 1503 dicentes;
1736 1431 1805 1508 quia
1833 1428 1881 1490 hic
1909 1440 2080 1508 peccatores
2108 1449 2154 1491 re-

1246 1524 1325 1602 cipit,
1350 1535 1379 1584 et
1408 1522 1567 1584 manducat
1592 1541 1661 1584 cum
1685 1523 1749 1585 illis.
1791 1523 1830 1585 Et
1852 1524 1892 1583 ait
1916 1524 1954 1583 ad
1982 1524 2047 1584 illos
2069 1543 2154 1602 para·

1246 1618 1345 1678 bolam
1366 1619 1452 1678 istam
1478 1617 1598 1692 dicens;
1621 1617 1697 1692 Quis
1718 1637 1755 1678 ex
1776 1619 1863 1678 uobis
1884 1617 1975 1678 homo
1996 1620 2045 1696 qui
2066 1619 2155 1680 habet

1247 1723 1364 1772 centurn
1386 1715 1478 1773 oues?
1510 1722 1540 1772 et
1564 1713 1589 1772 si
1612 1713 1769 1790 perdiderit
1788 1731 1879 1773 unam
1902 1731 1939 1772 ex
1964 1713 2027 1784 illis,
2052 1732 2154 1774 nonne

1246 1807 1363 1866 dimittit
1383 1806 1545 1885 nonaginta
1564 1824 1674 1867 nouem
1693 1807 1724 1866 in
1739 1809 1863 1880 deserto,
1879 1817 1908 1866 et
1922 1807 2002 1867 uadit
2020 1807 2058 1868 ad
2075 1807 2154 1868 illam

1246 1919 1303 1978 que
1332 1902 1447 1979 perierit
1456 1902 1475 1974 ²,
1499 1901 1596 1962 donec
1620 1902 1751 1962 inueniat
1775 1901 1890 1962 illam³i
1945 1901 1984 1960 Et
2012 1920 2081 1962 cum
2108 1903 2153 1961 in·

1246 1996 1358 2055 uenerit
1377 2013 1453 2069 eam,
1475 1997 1624 2074 imponet⁴
1647 1997 1677 2055 in
1700 1997 1839 2056 humeros
1864 2013 1934 2056 suos
1961 1996 2104 2072 gaudem,
2124 2006 2154 2056 et

1246 2090 1370 2149 ueniens
1391 2087 1514 2149 domum
1535 2101 1682 2151 conuocat
1702 2091 1815 2151 amicos
1833 2100 1863 2149 et
1883 2091 2006 2163 uicinos,
2021 2091 2153 2164 dieensl,

1247 2186 1490 2262 congratulamini
1525 2186 1595 2245 mihi
1623 2187 1693 2264 quia
1720 2186 1820 2248 inueni
1854 2203 1942 2246 ouem
1970 2203 2069 2246 meam
2096 2206 2154 2266 que

1246 2281 1379 2356 perierat
1421 2278 1499 2340 Dico
1523 2281 1609 2341 uobis
1628 2281 1718 2358 quod,
1729 2282 1770 2340 ita
1794 2281 1935 2359 gaudium
1960 2281 2013 2341 erit
2036 2282 2066 2340 in
2089 2281 2154 2342 celo

1247 2393 1335 2451 super
1347 2393 1409 2435 uno
1427 2385 1582 2454 peccatore
1602 2377 1806 2453 poenitentiam
1826 2387 1942 2454 agente,
1956 2395 2047 2454 quam
2067 2395 2155 2454 super

1247 2471 1408 2548 nonaginta
1438 2487 1549 2531 nouem
1577 2471 1691 2531 iustos⁸
1719 2471 1769 2549 qui
1800 2488 1862 2532 non
1893 2469 2027 2549 indigent
2057 2471 2154 2550 poeni·

1247 2574 1482 2725 tenSJeriorium.
1503 2645 1651 2724 Populum
1676 2646 1816 2707 humilem
1841 2647 1955 2707 saluum
1981 2646 2079 2720 facies,
2099 2645 2154 2707 do·

1247 2741 1335 2813 mine,
1350 2751 1379 2800 et
1398 2739 1500 2801 oculos
1519 2741 1713 2818 superborum
1733 2741 1908 2814 humiliabis,
1926 2742 2068 2820 quoniam
2087 2741 2154 2819 quis

1248 2834 1320 2896 deus
1333 2845 1439 2912 praeter
1451 2846 1489 2908 te,
1505 2835 1644 2896 domine?

1638 2978 1758 3041 Secreta.

1289 3090 1377 3152 Hanc
1391 3091 1478 3168 igitur
1487 3091 1506 3162 ²,
1523 3089 1651 3164 domine,
1665 3091 1853 3165 oblationem,
1866 3109 1954 3169 quam
1968 3109 2023 3168 pro
2039 3091 2153 3152 famulis

1249 3188 1301 3246 ill.
1311 3198 1339 3247 et
1354 3185 1516 3247 famulabus
1529 3187 1587 3247 tuis
1600 3195 1649 3262 tue
1664 3187 1763 3263 pietati
1776 3185 1934 3258 offerimus,
1949 3187 2015 3263 pius
2034 3204 2069 3246 ae
2083 3204 2152 3263 pro·

1247 3282 1334 3360 pitius
1356 3281 1480 3358 suscipe,
1498 3289 1527 3340 et
1541 3281 1674 3340 omnium
1688 3289 1876 3358 peccatorum
1890 3297 2011 3340 suorum
2026 3280 2151 3352 uincula,

1247 3377 1353 3456 quibus
1372 3375 1492 3454 propria
1512 3385 1669 3436 accusante
1690 3376 1870 3436 conscientia
1889 3375 2090 3435 miserabiliter
2106 3377 2152 3435 in·

1247 3473 1433 3549 stringuntur,
1468 3470 1676 3530 intercessione
1717 3470 1764 3530 dei
1798 3469 1946 3548 genitricis
1980 3470 2152 3547 propitiatus

1246 3566 1375 3638 absolue,
1391 3563 1440 3624 ut⁸
1455 3564 1627 3642 propitiatus
1641 3564 1761 3625 absolue
1771 3566 1789 3638 ⁸,
1804 3575 1836 3624 ut
1849 3581 1903 3642 pro
1918 3564 1964 3624 his
1985 3582 2084 3624 ueram
2098 3583 2153 3642 pu·

1245 3678 1367 3738 ramque
1391 3677 1492 3719 coram
1517 3668 1546 3718 te
1574 3657 1793 3720 confessionem
1822 3670 1851 3720 et
1878 3658 1999 3736 dignam
2023 3658 2153 3719 fructuo-

1246 3772 1367 3833 samque
1395 3772 1482 3832 agere
1510 3753 1627 3813 ualeant
1654 3755 1867 3831 poenitentiam,
1895 3765 1925 3814 et
1952 3752 2152 3835 plenissimam

1246 3848 1320 3910 illis⁹
1340 3849 1466 3926 gratuito
1487 3845 1569 3908 dono
1591 3847 1813 3926 indulgentiam.

1630 3979 1770 4062 Prefutt'o.

1287 4086 1326 4147 U.
1355 4087 1394 4148 D.
1422 4096 1530 4148 teteme
1554 4087 1635 4148 deus.
1692 4087 1733 4148 Et
1754 4087 1894 4165 pietatem
1919 4098 2000 4148 tuam
2029 4086 2153 4166 supplici

1247 4183 1405 4244 deuotione
1432 4199 1600 4262 exposcere,
1627 4190 1659 4242 ut
1684 4181 1739 4258 hec
1764 4182 1875 4244 oblatio
1899 4200 1989 4260 quam
2017 4183 2068 4242 tibi
2097 4199 2152 4259 pro

1247 4276 1362 4338 famulis
1383 4287 1412 4337 et
1432 4275 1595 4338 famulabus
1615 4277 1673 4337 tuis
1695 4278 1744 4337 all.
1767 4277 1917 4338 offerimus
1942 4277 1979 4337 sit
2004 4277 2034 4336 in
2058 4275 2152 4337 oculis

1247 4373 1303 4433 tuis
1324 4389 1441 4450 semper
1460 4381 1599 4450 accepta3
1616 4381 1646 4432 et
1666 4371 1741 4432 sicut
1758 4382 1876 4433 sanctos
1891 4382 1959 4432 tuos
1980 4371 2053 4431 fides
2072 4383 2152 4431 recta

1245 4467 1380 4544 prouenit
1410 4466 1448 4526 ad
1477 4482 1627 4538 coronam,
1650 4465 1691 4525 ita
1718 4483 1771 4527 eos
1798 4467 1917 4527 deuotio
1944 4466 2085 4543 perducat
2112 4465 2151 4526 ad

1246 4563 1371 4634 ueniam,
1386 4560 1509 4640 qualiter
1529 4561 1584 4624 hac
1606 4560 1754 4622 oblatione
1774 4561 1906 4639 placatus
1926 4579 1945 4620 a
1965 4561 2077 4622 cunctis
2098 4577 2150 4620 eos

1246 4656 1388 4717 emundes
1409 4656 1544 4716 sordibus
1565 4655 1746 4738 delictorum,
1768 4667 1797 4717 et
1818 4657 1892 4717 dites
1912 4655 2006 4716 fructu
2025 4672 2150 4731 operum

1245 4751 1401 4811 bononem.
1443 4749 1498 4810 Per
1512 4747 1661 4811 christum.
1938 4765 1941 4772 ⁴

1289 4842 1458 4905 Communia
1511 4843 1588 4905 Dico
1609 4844 1695 4904 uobis
1724 4843 1863 4922 gaudium
1891 4852 1936 4904 est
1963 4841 2075 4921 angelis
2102 4841 2150 4902 dei

1245 4957 1334 5018 super
1353 4956 1415 4999 uno
1435 4947 1590 5018 peccatore
1611 4939 1817 5017 poenitentiam
1837 4948 1951 5018 agente.

1569 5070 1823 5148 Adcomplendum.

1286 5182 1470 5243 Sacrosancti
1501 5182 1633 5260 corporis
1667 5193 1696 5242 et
1730 5181 1882 5258 sanguinis
1911 5180 2025 5241 domini
2056 5181 2150 5241 nostri

1277 5391 1416 5444 ¹Lue.xv.
1430 5401 1485 5456 1-7.
1623 5390 1709 5441 ¹an
1725 5391 1840 5456 perierat.
1984 5389 2072 5440 ⁸Vul
2083 5405 2149 5442 eam

1279 5469 1363 5520 tvm.
1380 5469 1495 5536 imponit.
1570 5470 1749 5522 ⁸Vut÷ittia
1813 5469 1898 5520 ‘Vul
1907 5469 1988 5534 justis.
2059 5469 2150 5521 'This

1245 5549 1314 5601 word
1326 5547 1734 5615 isanderlinedbyalaterhand.
1879 5549 1909 5579 ⁸⁴
1925 5548 2077 5601 Underlined
2088 5550 2150 5614 bya

1245 5629 1310 5680 later
1320 5628 1396 5680 hand.
1461 5623 1591 5680 ’‘tribuc’
1600 5626 1622 5678 ie
1630 5627 1728 5678 written
1737 5641 1769 5679 on
1778 5627 1821 5678 the
1830 5627 1926 5693 margin
1935 5627 1992 5696 bys
2004 5628 2067 5680 later
2074 5627 2149 5682 hand.
