5122 6610
730 597 919 675 caratam.

382 595 455 694 230

379 805 476 889 culpa
500 803 665 888 contagii;
699 801 779 866 nihil
809 801 852 865 sit
878 800 967 884 quod
995 809 1128 865 maneat
1157 799 1279 864 inimici

379 906 494 970 fraude
510 905 694 988 pollutum3
716 901 987 985 quandoquidem
1003 921 1062 984 per
1077 901 1210 983 spiritus
1229 911 1280 965 est

379 1001 576 1074 infusionem
597 1006 785 1083 purgatum,
802 1005 952 1078 resurgat
971 997 1108 1079 ecclesie
1124 1007 1180 1080 tue
1198 1017 1279 1081 pura

379 1100 592 1182 simplicitas3
616 1106 650 1164 et
668 1098 793 1162 candor
807 1096 1013 1169 innocentiae,
1029 1095 1189 1160 hactenus
1210 1115 1280 1160 ma·

379 1200 584 1280 culatadum
595 1198 709 1280 recipit
718 1198 868 1280 gratiam,
879 1205 1062 1261 reuertatur
1071 1197 1113 1260 ad
1123 1196 1279 1280 gloriam;

379 1308 416 1364 ut
439 1299 636 1383 populorum
659 1299 723 1362 ista
745 1297 843 1360 turba
865 1295 1071 1373 conueniens,
1091 1296 1172 1359 dum
1195 1295 1279 1378 peti-

378 1400 486 1464 tiones
503 1398 629 1481 ingerit,
645 1406 800 1462 uotorum
821 1396 942 1460 sentiat
963 1395 1145 1460 obtinuisse
1165 1395 1279 1459 suffra-

378 1501 443 1583 gia.
488 1498 560 1563 Per.

626 1667 735 1735 aratio
756 1684 809 1749 ptr
828 1667 1029 1746 regnantrbnr.

423 1794 645 1879 Omnipotens
668 1806 702 1860 et
725 1793 906 1858 misericors
922 1794 1012 1870 deus,
1029 1792 1120 1856 cuius
1141 1810 1279 1873 regnum

379 1916 517 1979 regnum
543 1906 595 1960 est
620 1896 769 1960 omnium
796 1893 1000 1970 saeculorum,
1024 1891 1279 1975 supplicationes

379 2004 509 2059 nostras
531 1994 712 2060 clementer
731 1994 862 2068 exaudi,
880 2002 913 2057 et
934 2011 1144 2056 romanorum
1165 2010 1279 2074 regum

378 2094 440 2158 tibi
470 2094 640 2160 subditum
669 2105 806 2178 protege
832 2093 1072 2177 principatum3
1103 2098 1140 2154 ut
1166 2090 1279 2154 intua

379 2195 501 2259 uirtute
519 2193 669 2271 fidenteS,
686 2205 720 2259 et
740 2194 801 2258 tibi
823 2192 978 2276 placeant
996 2202 1031 2256 et
1051 2210 1149 2273 super
1168 2190 1280 2254 omnia

380 2314 482 2378 regna
497 2293 700 2376 praecellant
745 2293 815 2358 Per.

781 2455 874 2521 Alia.

423 2581 645 2666 Omnipotens
660 2583 861 2666 sempiterne
876 2581 959 2647 deus
974 2581 1031 2664 qui
1050 2579 1159 2664 regnis
1174 2579 1280 2644 omni-

378 2682 442 2746 bus
460 2690 583 2746 aeterno
599 2683 780 2747 dominaris
795 2683 952 2764 imperio;
976 2680 1097 2745 inclina
1111 2680 1154 2744 ad
1167 2699 1280 2762 preces

379 2780 576 2856 humilitatis
608 2793 731 2847 nostrae
760 2802 856 2846 aures
886 2780 1117 2844 misericordiae
1144 2787 1221 2855 tuae,
1247 2788 1280 2844 et

379 2881 506 2945 romani
522 2881 615 2965 regni
630 2883 747 2946 adesto
763 2881 974 2964 principibus,
986 2890 1031 2958 ut,
1043 2877 1281 2962 tranquillitate

379 3001 544 3061 concessa,
559 2991 618 3047 tua
633 2981 699 3047 sint
714 3000 846 3062 semper
860 2981 982 3044 uirtute
997 2980 1148 3043 uictores.
1194 2976 1265 3042 Per.

781 3143 874 3210 Alia.

423 3266 526 3344 Deus,
539 3268 572 3333 in
585 3280 619 3336 te
634 3269 837 3354 sperantium
849 3269 937 3334 salus
950 3277 983 3333 et
996 3267 1055 3332 tibi
1067 3267 1281 3332 seruientium

378 3368 550 3448 fortitudo,
565 3372 696 3453 suscipe
713 3371 875 3454 propitius
890 3388 1005 3451 preces
1020 3377 1160 3446 nostras,
1175 3376 1209 3432 et
1229 3387 1280 3431 ro-

380 3469 471 3532 mani
489 3468 621 3552 imperii
641 3470 803 3534 auxiliare
824 3467 1043 3552 principibus3
1068 3478 1106 3532 ut
1127 3475 1186 3532 tua
1206 3487 1280 3550 pro·

378 3567 523 3633 tectione
545 3568 672 3646 muniti,
688 3569 843 3633 omnibus
863 3568 930 3632 sint
949 3565 1101 3631 hostibus
1119 3564 1280 3632 fortiores.

380 3663 450 3730 Per.

630 3804 740 3872 &tatto
760 3823 849 3889 supet
868 3807 1037 3874 militantes.

424 3929 525 4006 Deus,
542 3932 773 4015 perpetuitatis
795 3943 919 4009 auctor,
936 3933 1009 3997 dux
1029 3933 1188 3998 uirtutum
1209 3955 1281 3998 om·

380 4029 481 4109 nium,
496 4041 756 4115 cunctorumque
774 4031 920 4097 hostium
936 4034 1050 4112 uictor,
1065 4033 1203 4098 benedic
1219 4033 1280 4099 hos

380 4128 523 4193 famulos
537 4139 614 4194 tuos
628 4131 689 4196 tibi
711 4152 770 4196 sua
785 4133 896 4215 capita
910 4132 1104 4197 inclinantes
1116 4154 1124 4211 ;
1148 4132 1280 4200 effunde

380 4248 480 4310 super
501 4249 559 4294 eos
583 4231 725 4314 gratiam
746 4230 885 4303 firmam,
909 4241 942 4297 et
965 4232 998 4295 in
1022 4232 1140 4296 militia
1162 4233 1281 4316 inqua

380 4328 512 4410 probati
532 4330 726 4408 consistunt,
742 4331 874 4414 prolixa
896 4333 1039 4396 sanitate
1062 4341 1095 4397 et
1117 4336 1280 4417 prosperi·

379 4437 451 4493 tate
471 4448 528 4492 eos
547 4449 713 4506 conserua,
730 4439 764 4494 et
784 4430 971 4514 ubicunque
991 4431 1043 4496 uel
1065 4452 1126 4515 pro
1144 4433 1279 4516 quibus·

380 4547 509 4611 cunque
533 4529 695 4593 auxilium
719 4538 814 4594 tuum
836 4530 1069 4610 inuocauerint,
1091 4533 1157 4597 cito
1181 4535 1279 4612 adsis,

381 4635 549 4711 protegas,
561 4637 595 4692 et
610 4627 780 4693 defendas.
826 4630 897 4695 Per.

467 4829 687 4895 amantum
707 4846 798 4912 snper
817 4847 910 4911 raptor
930 4833 1042 4896 nnuftn
1062 4834 1189 4901 rlrrtnnt.

425 4951 477 5016 Te
504 4955 707 5032 inuocamus,
732 4956 875 5036 domine,
903 4967 1018 5022 sancte
1047 4967 1152 5042 pater,
1175 4963 1281 5027 omni·

381 5062 501 5135 potens
520 5062 645 5119 aeteme
659 5056 751 5135 deus,
766 5064 804 5119 ut
825 5055 911 5120 hunc
932 5055 1093 5121 famulum
1113 5071 1207 5125 tuum
1225 5062 1280 5128 ‚ilL

382 5171 483 5234 quem
505 5161 572 5217 tuae
595 5154 717 5219 diuinae
739 5156 995 5238 dispensationis
1018 5160 1226 5241 prouidentia
1248 5165 1282 5227 in

382 5252 561 5333 primordio
575 5253 801 5335 plasmatum¹,
814 5276 919 5338 usque
933 5257 976 5321 ad
992 5257 1078 5323 hunc
1094 5273 1281 5342 presentem

383 5349 473 5414 diem
489 5351 621 5416 iuuenili
642 5353 724 5418 flore
738 5353 909 5420 laetantem
924 5377 1068 5423 crescere
1083 5363 1282 5442 concessisti,

384 5469 461 5512 cum
480 5457 548 5514 tuae
568 5453 701 5535 pietatis
719 5454 808 5518 dono
823 5455 966 5520 ditatum
981 5457 1183 5543 plenumque
1199 5465 1283 5528 ueri-

516 5640 525 5670 ¹
542 5641 592 5692 Ln
604 5643 653 5694 aud
665 5642 717 5696 Rit.
730 5643 760 5695 of
768 5643 849 5697 Celtic
860 5645 969 5707 Cburch,
981 5663 1007 5714 p.
1022 5648 1075 5712 168,
1087 5666 1111 5700 n.
1125 5665 1146 5703 1.

1652 589 1902 668 snutrane.

1332 794 1411 861 tatis
1426 791 1532 877 gratia
1547 793 1589 857 de
1605 770 1659 856 die
1673 791 1707 855 in
1722 792 1811 856 diem
1828 810 1938 854 coram
1955 790 2019 854 deo
2038 798 2072 854 et
2092 788 2233 853 homini·

1332 897 1395 960 bus
1410 895 1453 958 ad
1469 893 1605 956 meliora
1621 911 1752 974 semper
1766 891 1923 972 proficere
1939 889 2047 969 facias,
2059 899 2097 954 ut
2112 890 2232 953 summi

1333 994 1502 1078 regiminis
1524 992 1653 1070 solium,
1668 991 1775 1074 gratia
1798 1009 1939 1073 superna
1958 990 2129 1073 largiente,
2150 1009 2231 1072 gau-

1332 1095 1413 1158 dens
1443 1093 1609 1175 suscipiat,
1643 1101 1677 1155 et
1708 1091 1939 1154 misericordiae
1969 1100 2036 1154 tuae
2066 1108 2159 1152 muro
2182 1088 2232 1166 ¹ab

1332 1194 1478 1258 hostium
1507 1191 1711 1257 aduersitate
1739 1191 1887 1274 undique
1915 1191 2072 1266 munitus,
2098 1189 2232 1272 plebem

1333 1295 1394 1357 sibi
1416 1292 1638 1367 commissam,
1654 1311 1828 1374 cumpace
1848 1291 2100 1375 propitiationis,
2119 1300 2154 1354 et
2168 1290 2232 1353 uir·

1333 1404 1405 1458 tute
1420 1393 1576 1468 uictoriae,
1593 1390 1733 1456 feliciter
1748 1411 1861 1475 regere
1877 1401 2051 1456 mereatur.
2097 1389 2168 1455 Per.

1736 1536 1829 1602 Atia.

1377 1666 1417 1730 In
1447 1665 1563 1730 diebus
1592 1666 1661 1729 eius
1694 1667 1818 1730 oriatur
1848 1663 2002 1728 omnibus
2031 1665 2169 1748 aequitas
2199 1674 2234 1730 et

1331 1765 1464 1845 iustitia,
1487 1766 1602 1831 amicis
1631 1765 1829 1844 adiutorum,
1852 1765 1992 1829 inimicis
2014 1764 2231 1839 obstaculum,

1332 1865 1511 1929 humilibus
1534 1865 1698 1942 solatium,
1722 1863 1860 1929 eleuatis
1883 1864 2056 1946 correptio,
2074 1864 2233 1928 diuitibus

1331 1966 1489 2043 doctrina,
1505 1965 1704 2048 pauperibus
1726 1965 1843 2048 pietas,
1862 1963 2042 2052 peregrinis
2064 1963 2233 2042 auxilium,

1332 2064 1471 2148 propriis
1487 2065 1520 2128 in
1535 2065 1643 2147 patria
1657 2085 1727 2148 pax
1744 2075 1778 2129 et
1793 2066 1959 2128 securitas.
2001 2063 2233 2152 Unumquem7

1332 2185 1398 2248 que
1413 2166 1595 2230 secundum
1610 2185 1705 2230 suam
1721 2183 1910 2228 mensuram
1926 2164 2099 2228 moderate
2113 2165 2233 2246 guber·

1333 2281 1424 2338 nans,
1447 2285 1484 2328 se
1509 2265 1618 2348 ipsum
1644 2264 1779 2329 sedulus
1802 2264 1917 2338 discat,
1940 2272 1978 2328 ut
1999 2272 2057 2328 tua
2080 2263 2234 2348 irrigatus

1332 2366 1587 2446 compunctione
1612 2365 1676 2428 toti
1703 2363 1827 2448 populo
1856 2363 1917 2429 tibi
1948 2363 2071 2447 placita
2097 2365 2235 2446 prebere

1330 2465 1411 2528 uitae
1433 2465 1538 2546 possit
1560 2464 1725 2547 exempla,
1747 2473 1781 2528 et
1802 2463 1968 2546 peruiam
1988 2465 2136 2528 ueritatis
2156 2483 2233 2528 cunr

1332 2583 1432 2647 grege
1453 2564 1515 2627 sibi
1536 2564 1671 2629 subdito
1691 2564 1853 2647 gradiens,
1871 2582 1953 2646 opes
1977 2562 2109 2647 fragiles
2129 2564 2235 2628 abun-

1333 2664 1452 2727 danter
1473 2663 1637 2746 adquirat.
1683 2662 1791 2728 Simul
1814 2670 1848 2726 et
1870 2662 2012 2727 salutem
2035 2682 2102 2726 non
2123 2662 2234 2727 solum

1333 2782 1507 2844 corporum
1537 2763 1596 2826 sed
1624 2763 1725 2827 etiam
1755 2763 1903 2826 cordium
1930 2771 2012 2826 ate
2042 2759 2234 2827 concessam

1333 2862 1459 2926 cunctis
1478 2863 1627 2944 accipiat.
1673 2860 1796 2945 Sicque
1819 2861 1853 2924 in
1874 2869 1910 2925 te
1931 2862 2112 2944 cogitatum
2132 2863 2234 2926 animi

1333 2961 1571 3044 consiliumque
1601 2981 1700 3026 omne
1731 2979 1943 3044 componens,
1973 2961 2081 3043 plebis
2114 2961 2233 3042 guber·

1334 3061 1486 3126 naculum
1511 3082 1586 3126 cum
1614 3082 1696 3146 pace
1723 3059 1821 3126 simul
1851 3071 1885 3126 et
1917 3061 2078 3143 sapientia
2104 3081 2236 3144 semper

1333 3161 1480 3225 inuenire
1509 3162 1679 3238 uideatur;
1717 3172 1820 3244 teque
1851 3159 2043 3240 auxiliante,
2072 3163 2234 3243 presentis

1333 3262 1422 3326 uitae
1452 3262 1678 3344 prolixitatem
1700 3260 1870 3345 percipiat,
1893 3268 1927 3324 et
1956 3280 2016 3343 per
2037 3261 2234 3343 temporalia

1332 3360 1421 3426 bona
1444 3382 1548 3444 usque
1569 3363 1613 3426 ad
1634 3381 1799 3426 summam
1822 3369 2027 3426 senectutem
2050 3363 2233 3444 perueniat,

1333 3461 1490 3544 priusque
1506 3460 1692 3544 fragilitatis
1708 3459 1808 3524 finem
1822 3459 2006 3543 perfectum
2021 3462 2064 3525 ab
2080 3462 2234 3525 omnibus

1334 3561 1488 3626 uitiorum
1510 3561 1648 3626 uinculis
1669 3572 1727 3644 tue
1744 3561 1877 3644 pietatis
1896 3561 2050 3645 largitate
2068 3561 2235 3639 liberatus

1333 3672 1368 3725 et
1388 3661 1516 3744 infinite
1530 3661 1758 3744 prosperitatis
1773 3661 1898 3743 premia
1914 3670 2082 3744 perpetua,
2098 3661 2235 3744 angelo·

1334 3779 1472 3843 rumque
1487 3771 1612 3826 aetema
1627 3762 1821 3825 commertia
1835 3771 2065 3844 consequatur.
2109 3760 2181 3827 Per.

1737 3906 1829 3973 Alia.

1378 4032 1480 4110 Deus,
1497 4033 1675 4098 electorum
1698 4032 1866 4112 fortitudo,
1889 4041 1923 4097 et
1945 4031 2119 4097 humilium
2141 4033 2234 4098 celsi·

1332 4132 1424 4207 tudo,
1447 4135 1506 4216 qui
1533 4135 1566 4198 in
1596 4133 1778 4216 primordio
1808 4152 1869 4215 per
1894 4132 2088 4197 effusionem
2118 4133 2233 4196 diluuii

1333 4232 1469 4296 crimina
1492 4234 1607 4297 mundi
1630 4233 1792 4315 castigare
1812 4232 1954 4312 uoluisti,
1973 4243 2009 4297 et
2030 4253 2090 4316 per
2107 4231 2234 4296 colum·

1333 4331 1412 4396 bam
1432 4352 1560 4396 ramum
1579 4331 1668 4415 oliue
1685 4340 1876 4415 portantem
1898 4352 2016 4415 pacem
2041 4333 2136 4398 terris
2158 4333 2233 4397 red·

1333 4433 1439 4496 ditam
1463 4433 1707 4508 demonstrasti,
1732 4431 1919 4514 iterumque
1947 4453 2049 4497 aaron
2073 4431 2233 4496 famulum

1333 4540 1427 4595 tuum
1442 4551 1502 4614 per
1516 4532 1706 4596 unctionem
1721 4530 1785 4594 olei
1808 4532 2015 4596 sacerdotem
2031 4533 2181 4611 sanxisti,
2199 4543 2235 4596 et

1333 4639 1450 4713 postea
1470 4650 1530 4713 per
1547 4629 1645 4695 huius
1660 4631 1820 4714 unguenti
1841 4630 2037 4696 infusionem
2058 4633 2101 4696 ad
2117 4651 2233 4715 regen·

1332 4729 1413 4793 dum
1429 4731 1589 4813 populum
1611 4729 1844 4795 israheliticum
1864 4733 2063 4808 sacerdotes,
2079 4751 2182 4815 reges,
2199 4740 2235 4796 et

1333 4828 1512 4912 prophetas
1535 4829 1707 4914 perfecisti,
1726 4829 1922 4913 uultumque
1943 4831 2082 4913 ecclesie
2104 4831 2137 4894 in
2160 4831 2235 4896 oleo

1334 4928 1586 4995 exhilarandum
1602 4951 1661 5014 per
1677 4929 1905 5013 propheticam
1921 4929 2036 4995 famuli
2052 4931 2100 4995 tui
2116 4950 2234 4995 uocem

1333 5028 1434 5093 dauid
1450 5049 1521 5094 esse
1536 5031 1729 5113 predixisti3
1752 5030 1808 5109 ita,
1820 5049 2009 5111 quesumus,
2023 5030 2235 5112 omnipotens

1334 5137 1437 5211 pater,
1455 5139 1488 5195 et
1508 5151 1568 5213 per
1584 5128 1681 5194 huius
1703 5139 1862 5194 creaturae
1882 5130 2129 5215 pinguedinem,
2146 5129 2235 5196 hunc

1333 5248 1467 5293 seruum
1489 5238 1583 5294 tuum
1608 5228 1812 5294 sanctificare
1834 5239 1893 5295 tua
1912 5231 2142 5295 benedictione
2161 5230 2234 5313 dig·

1335 5329 1429 5405 neris,
1447 5350 1589 5413 eumque
1612 5331 1644 5393 in
1667 5329 1917 5394 similitudinem
1940 5330 2094 5413 columbe
2117 5350 2234 5413 pacem

1334 5426 1555 5511 simplicitatis
1570 5429 1695 5513 populo
1715 5429 1777 5493 sibi
1799 5430 1932 5495 subdito
1952 5441 2109 5514 prestare,
2126 5439 2159 5494 et
2174 5449 2236 5500 ex,-

1335 5527 1447 5610 empla
1472 5549 1573 5594 aaron
1603 5530 1637 5593 in
1662 5528 1716 5594 dei
1742 5529 1877 5594 seruitio
1902 5529 2078 5612 diligenter
2105 5527 2235 5606 imitari,

1335 5645 1517 5712 regumque
1538 5628 1678 5712 uestigia
1697 5629 1729 5692 in
1749 5629 1892 5695 consiliis
1910 5629 2055 5696 scientiae
2075 5637 2110 5694 et
2132 5627 2234 5712 aequi·
