5124 6608
548 585 691 662 tbrtuttt
716 582 869 682 fietne.
1469 589 1647 666 mutnus
1673 587 1867 687 saturus.
2049 613 2116 686 103

261 789 343 854 festa
364 784 533 871 paschalia
555 784 744 850 uenerando
759 785 897 869 egimus,
914 808 973 872 per
993 788 1066 854 haec
1084 809 1163 855 con·
1556 787 1730 872 Praesatio.

259 890 385 973 fingere
400 886 444 952 ad
459 886 583 971 gandia
597 896 723 952 aetema
738 906 933 952 mereamur·
978 888 1064 952 Pes-⁷
1259 913 1304 980 U.
1327 911 1370 978 D.
1392 921 1517 978 aeteme
1539 913 1631 979 deus.
1677 913 1725 978 Et
1748 923 1783 980 te
1806 913 1998 1000 suppliciter
2021 916 2118 983 obse·

642 1059 774 1126 gemm
1214 1031 1316 1090 crare,
1330 1032 1444 1078 nenos
1458 1012 1502 1077 ad
1521 1011 1614 1077 illum
1629 1013 1717 1078 sinas
1732 1012 1839 1080 redire
1849 1024 1972 1093 actum,
1985 1015 2037 1082 cui
2048 1017 2118 1082 iure

775 1110 782 1127 ⁸
1214 1110 1406 1176 dominatur
1435 1111 1595 1188 inimicus,
1623 1111 1692 1178 Sed
1722 1113 1756 1176 in
1786 1113 1849 1179 hac
1875 1115 1986 1198 potius
2017 1116 2118 1182 facias

304 1185 469 1264 Concede,
492 1205 681 1271 quesumus,
700 1188 844 1264 d0ml¹¹e2
868 1207 1000 1272 semper
1022 1209 1082 1255 ¹¹⁰⁸
1104 1211 1163 1275 per
1214 1211 1423 1276 absolutione
1438 1212 1621 1295 persistere,
1637 1231 1698 1294 per
1714 1233 1816 1295 quam
1839 1212 1991 1279 diabolus
2013 1217 2117 1281 exsti·

258 1287 331 1353 haec
364 1286 522 1371 mystesia
553 1285 722 1370 pasehalla
750 1286 916 1371 gratulari,
940 1299 978 1354 ut
1007 1291 1162 1357 00¹¹tlffl¹³
1214 1311 1265 1384 tit,
1288 1309 1355 1376 filio
1370 1320 1429 1376 tuo
1444 1311 1608 1386 uincente,
1624 1311 1785 1395 captiuus.
1830 1313 1877 1378 Et
1892 1313 2002 1379 ideo¹.

259 1395 380 1453 nostrae
396 1385 611 1470 reparationis
631 1389 781 1470 operatio
802 1395 963 1471 perpetue
984 1390 1081 1455 nobis
1103 1390 1161 1456 frat

259 1507 357 1552 causa
373 1485 508 1552 laetitiae.
553 1485 641 1552 Pera
1568 1479 1761 1547 Benedictio.

762 1667 769 1680 ,
1258 1604 1358 1684 Deus,
1373 1603 1466 1671 cuius
1481 1605 1669 1688 unigenitus
1692 1604 1852 1672 hodierna
1871 1605 1927 1672 die
1949 1607 2118 1693 discipulis

619 1663 794 1748 Pmsm·
1213 1704 1292 1781 suis,
1304 1705 1409 1769 ianuis
1421 1703 1549 1784 clausis,
1561 1706 1718 1788 dignatus
1733 1715 1784 1770 est
1795 1725 1963 1789 apparere,
1975 1727 2043 1771 suae
2055 1727 2117 1772 uos

302 1791 348 1858 U·
372 1791 414 1857 D·
437 1811 497 1874 per
517 1789 677 1856 christum
700 1791 873 1856 dOminum
896 1799 1054 1858 nostrum·
1099 1794 1162 1861 Per
1214 1803 1453 1868 benedictionis
1468 1803 1680 1888 locupletare,
1697 1814 1731 1870 et
1747 1805 1889 1870 caelestis
1908 1806 2002 1872 uobis
2023 1807 2116 1892 regni

259 1912 359 1975 quem
384 1889 549 1974 supplices
580 1890 802 1974 exposcimus,
828 1903 867 1958 ut
895 1893 988 1958 cuius
1018 1894 1161 1959 muneris
1213 1902 1328 1968 ianuas
1343 1904 1499 1988 dignetur
1513 1904 1650 1988 aperire.
1689 1903 1813 1970 Amen.

259 1991 379 2075 pignus
390 1989 586 2074 accepimus,
596 1990 770 2056 manifesta
781 1992 869 2057 dona
881 1992 1161 2075 comprehendere
1257 1999 1375 2087 Et'qui
1398 2004 1442 2068 ab
1457 2024 1572 2068 eorum
1594 2005 1793 2087 pectoribus,
1814 2006 1950 2070 adtactu
1972 2005 2023 2070 sui
2045 2025 2116 2072 cor-

261 2089 437 2169 ualeamus,
458 2089 505 2154 Et
522 2111 598 2173 <1¹¹ae
619 2090 714 2154 ¹10bl⁵
737 2090 879 2156 fideliter
897 2093 1061 2176 speranda
1082 2113 1160 2158 0011·
1212 2103 1311 2184 poris,
1334 2104 1455 2168 uulnus
1477 2103 1665 2186 amputauit
1687 2103 1876 2184 dubietatis,
1896 2106 2057 2172 concedat
2079 2117 2116 2171 ut

259 2189 334 2256 tulit
363 2189 520 2273 paschale
547 2200 800 2267 sacramentum,
828 2212 887 2274 per
916 2193 1160 2258 resurrectionis
1213 2222 1273 2285 per
1287 2200 1389 2267 fidem
1402 2223 1469 2286 qua
1485 2223 1561 2268 eum
1577 2204 1794 2270 resurrexisse
1808 2205 1950 2281 creditis,
1967 2207 2116 2270 omnium

260 2291 328 2354 eius
357 2289 530 2373 adtingere
561 2309 747 2355 mereamur
776 2290 941 2356 ineffabile
968 2292 1159 2358 misterium.
1213 2301 1411 2367 delictorum
1427 2301 1565 2366 maculis
1580 2303 1730 2368 careatis.
1774 2301 1900 2368 Amen.

261 2389 321 2454 Per
335 2409 436 2474 quern
446 2387 467 2453 ¹.
1257 2399 1303 2466 Et
1317 2402 1374 2484 qui
1389 2422 1466 2466 eum
1481 2421 1557 2466 cum
1574 2401 1690 2467 thoma
1705 2402 1806 2468 deum
1822 2411 1856 2468 et
1871 2404 2043 2469 dominum
2058 2405 2117 2468 de·

554 2475 616 2539 Ad
633 2475 862 2558 ‘mimum-
1212 2500 1300 2576 ditis,
1324 2508 1358 2564 et
1381 2503 1509 2565 cernuis
1528 2501 1666 2566 uocibus
1687 2501 1869 2581 inuocatis;
1899 2503 2003 2570 abeo
2025 2514 2060 2569 et
2081 2505 2116 2580 in

302 2600 556 2684 Redemptionis
572 2608 693 2664 nostrae
714 2622 849 2667 munere
867 2603 1023 2686 uegetati,
1039 2624 1159 2687 quesu—
1212 2598 1275 2664 hoc
1301 2600 1412 2684 seculo
1435 2621 1456 2664 a
1482 2600 1578 2665 malis
1601 2601 1756 2666 omnibus
1778 2602 1871 2678 tueri,
1891 2612 1926 2667 et
1948 2603 1982 2667 in
2005 2602 2116 2668 futuro

260 2722 343 2778 mus,
366 2701 511 2776 domine,
527 2708 566 2765 ut
585 2700 649 2765 lroc
670 2711 841 2786 perpetuae
862 2700 978 2768 salutis
997 2703 1159 2768 auxilium
1212 2709 1401 2764 sanctorum
1416 2700 1558 2765 coetibus
1572 2701 1710 2766 adscisci
1726 2701 1874 2767 ualeatis.
1919 2701 2042 2768 Amen.

260 2802 342 2866 fides
356 2820 488 2884 semper
502 2821 581 2864 uera
594 2800 756 2884 proficiat
801 2801 886 2868 Per*
1256 2797 1358 2882 Quod
1373 2798 1445 2883 ipse
1459 2809 1617 2882 praestare
1633 2800 1788 2884 dignetur
1796 2800 1820 2865 ².

580 2977 643 3042 Ad
661 2977 836 3062 uesperos2.
1513 2973 1575 3041 Ad
1585 2975 1814 3060 emplendum.

301 3103 404 3183 Deus,
433 3103 537 3169 totius
562 3104 714 3169 conditor
739 3112 895 3188 creature,
918 3105 1060 3170 famulos
1084 3116 1161 3172 tuos
1256 3100 1455 3186 Quesumus,
1470 3101 1604 3167 domine
1619 3104 1703 3167 deus
1719 3111 1839 3183 noster,
1854 3111 1891 3168 ut
1906 3111 2116 3168 sacrosancta

262 3225 344 3286 quos
359 3205 450 3270 fonte
465 3204 632 3269 renouasti
653 3203 871 3288 baptismatis,
887 3225 1038 3290 quosque
1054 3207 1160 3290 gratie
1213 3201 1378 3283 mysteria,
1393 3221 1469 3284 quae
1484 3221 1544 3286 pro
1560 3203 1776 3287 reparationis
1796 3210 1919 3268 nostrae
1936 3203 2117 3267 munimine

260 3312 315 3387 tue
344 3303 551 3388 plenitudine
586 3303 745 3384 solidasti,
775 3305 809 3368 in
846 3306 1035 3390 adoptionis
1071 3317 1159 3373 sorte
1212 3301 1389 3378 contulisti,
1407 3311 1440 3366 et
1456 3323 1603 3385 praesens
1619 3303 1715 3368 nobis
1730 3303 1913 3369 remedium
1928 3323 2001 3368 esse
2015 3303 2117 3368 facias

259 3403 358 3470 facias
373 3404 550 3488 dignanter
562 3403 714 3469 adscribi
759 3405 845 3469 Perr
1211 3409 1246 3465 et
1260 3401 1418 3466 futurum.
1463 3401 1549 3468 Pers

612 3578 674 3643 Ad
683 3579 807 3663 sontes.
1551 3577 1613 3643 Ad
1624 3589 1776 3662 uesperos.

303 3704 404 3784 Deus,
426 3703 484 3787 qui
508 3703 708 3788 multiplicas
731 3705 904 3789 ecclesiam
927 3715 1020 3772 tuam
1050 3705 1083 3770 in
1106 3727 1158 3772 so-
1256 3702 1402 3786 Largire,
1423 3721 1610 3787 quesumus,
1632 3703 1768 3768 domine
1790 3702 1945 3768 fidelibus
1974 3703 2040 3769 tuis
2067 3702 2116 3767 in-

259 3802 334 3870 bole
348 3805 599 3878 renascentium,
615 3805 668 3870 fac
683 3825 758 3870 earn
772 3807 918 3889 gaudere
938 3805 1102 3891 propitius
1116 3809 1159 3873 de
1212 3801 1417 3886 dulgentiam
1448 3801 1600 3886 placatus
1631 3811 1666 3868 et
1696 3805 1824 3887 pacem,
1853 3812 1891 3868 ut
1920 3803 2044 3887 pariter
2072 3804 2116 3869 ab

260 3924 392 3970 suorum
407 3903 609 3987 profectibus
624 3904 776 3970 filiorum.
823 3906 913 3972 Per.t
1211 3903 1365 3966 omnibus
1381 3903 1582 3967 mundentur
1595 3902 1738 3981 offensis,
1750 3913 1786 3968 et
1800 3923 1915 3968 secura
1926 3903 1987 3969 tibi
2004 3912 2117 3968 mente

1212 4001 1409 4067 deseruiant.
1454 4002 1517 4066 Per
1531 4001 1732 4067 dominum.t

449 4147 606 4212 fflnnfntts
625 4147 670 4212 tir
691 4149 810 4214 cnutus
831 4148 973 4232 μικτὴν.
1572 4178 1634 4243 Ad
1636 4178 1760 4261 fontes.

301 4294 466 4368 Purssrn,
490 4303 705 4370 Quusuuus,
729 4307 973 4361 ouurrorsus
995 4309 1103 4372 naus
1123 4307 1160 4362 ut
1256 4304 1358 4384 Deus,
1388 4305 1445 4387 qui
1478 4325 1539 4370 nos
1575 4305 1805 4370 exultantibus
1842 4304 1961 4370 animis
1990 4304 2116 4389 pascha

259 4394 314 4476 qui
333 4392 500 4477 paschalia
521 4392 605 4457 festa
623 4395 819 4478 peregimus,
835 4395 916 4472 haec,
932 4407 968 4462 te
989 4394 1159 4480 largiente,
1211 4412 1307 4469 tuum
1333 4403 1499 4473 celebrare
1521 4404 1674 4484 tribuisti,
1696 4404 1748 4469 fac
1773 4425 1844 4485 nos,
1866 4424 2054 4490 quesumus,
2081 4413 2117 4470 et

261 4493 404 4557 moribus
427 4503 461 4557 et
484 4491 553 4557 uita
576 4502 759 4559 teneamus.
804 4496 867 4560 Per
888 4495 1061 4562 dominum
1085 4516 1160 4560 nos·
1212 4503 1449 4588 temporalibus
1484 4505 1629 4588 gaudere
1665 4503 1819 4570 subsidiis
1852 4514 1886 4570 et
1921 4503 2116 4569 aeternitatis

258 4603 368 4658 trum.t
1213 4603 1385 4668 effectibus
1398 4603 1558 4687 gratulari
1568 4603 1591 4669 ³.
1638 4605 1724 4669 Pers

583 4678 692 4762 Super
711 4678 828 4746 oblata.

302 4803 440 4886 Suscipe
454 4823 599 4882 munera,
614 4825 804 4888 quesumus,
820 4806 964 4885 domine,
976 4805 1159 4874 exultantis
1348 4779 1518 4863 lucillum
1529 4779 1616 4846 alias
1630 4779 1788 4845 oratrbnes
1795 4777 1971 4862 paschales·

259 4903 413 4986 ecclesiae,
435 4911 469 4968 et
492 4905 543 4967 cui
566 4924 701 4969 causam
723 4906 808 4970 tanti
830 4907 943 4990 gaudii
966 4907 1157 4990 praestitisti,
1253 4906 1356 4986 Deus,
1384 4907 1441 4988 qui
1474 4927 1590 4970 omnes
1621 4905 1655 4969 in
1688 4905 1809 4971 christo
1842 4911 1973 4968 renatos
2009 4922 2114 4987 genus

259 5011 455 5086 perpetuum
472 5001 615 5067 fructum
630 5005 776 5070 concede
794 5005 929 5071 laetitiae.
974 5006 1061 5074 Per.t
1211 5011 1337 5094 regium
1361 5019 1394 5074 et
1415 5009 1621 5076 sacerdotale
1641 5009 1757 5088 fecisti,
1778 5010 1824 5074 da
1852 5006 1949 5072 nobis
1970 5015 2005 5070 et
2027 5005 2114 5072 uelle

1211 5119 1245 5175 et
1262 5130 1362 5194 posse
1380 5129 1456 5194 quae
1470 5109 1621 5193 precipis,
1637 5117 1674 5174 ut
1694 5107 1819 5193 populo
1833 5107 1876 5172 ad
1893 5105 2114 5172 {eternitatem

290 5189 300 5297 ζ
315 5188 538 5318 ἓῑὲἷίἧῇοω
607 5276 619 5319 t
629 5192 768 5325 811)ὲὶἓὲ
779 5194 926 5324 {illm
938 5195 970 5248 ⁰·
981 5197 1020 5254 V;
1036 5213 1084 5247 om.
1095 5197 1122 5248 Ζ·
1211 5218 1340 5289 uocat0,
1355 5230 1421 5275 una
1435 5209 1479 5274 sit
1493 5209 1577 5275 fides
1591 5209 1749 5286 cordium,
1762 5218 1796 5274 et
1810 5207 1919 5292 pietas
1932 5207 2112 5273 actionum.

323 5357 349 5396 ,-
365 5305 521 5408 Qlasimodo
531 5284 618 5412 ἓξὲξ-ι
769 5311 776 5325 ’
813 5312 819 5324 “
848 5311 951 5404 {cendit
1213 5311 1274 5374 Per
1288 5310 1458 5374 eundem.t
1671 5395 1678 5409 ὑ

324 5435 360 5474 rs
375 5423 495 5474 Exultnte
506 5423 562 5476 deo.
782 5441 849 5482 corn.
861 5431 938 5482 Mitte
948 5446 1057 5482 murrum.
1613 5395 1706 5462 Alia·

323 5513 366 5552 Ab·
382 5501 521 5552 Haecdies.
782 5511 836 5572 (¹21¹-
848 5508 930 5560 omne
939 5509 1035 5560 aarum.
1255 5512 1357 5588 Deus,
1384 5513 1440 5595 qui
1467 5511 1640 5577 credentes
1655 5511 1689 5575 in
1718 5518 1754 5576 te
1780 5510 1873 5577 fonte
1901 5510 2113 5594 baptismatis

324 5591 403 5630 rm.
418 5579 515 5632 Pascha
526 5589 645 5634 nostrum.
782 5587 905 5640 aucum
916 5595 981 5640 esset
993 5589 1069 5654 sero).

322 5671 365 5712 οι».
388 5661 503 5726 Angelus
523 5663 619 5716 domini
640 5665 682 5717 de·
1276 5665 1285 5697 ¹
1302 5665 1334 5719 Ο.
1346 5681 1370 5731 p.
1384 5678 1440 5731 3¹5·
1452 5665 1481 5719 Z.
1622 5665 1633 5696 ¹
1649 5664 1682 5717 0.
1693 5681 1718 5732 p
1731 5673 1788 5729 370.
1923 5664 1934 5695 ¹
1952 5665 2007 5716 Om.
2019 5663 2047 5716 Z.
