5122 6610
615 533 867 612 dimittente.
1564 533 1814 611 brunnum.
2070 554 2143 631 227

289 739 502 807 clementiam
525 747 618 803 tuam
641 733 834 820 suppliciter
856 755 1042 814 exoramus,
1061 744 1097 800 ut
1119 735 1190 800 haec
1244 734 1364 801 saeculo
1387 745 1464 801 sunt
1484 735 1640 802 habenda
1659 737 1828 820 perducas,
1845 745 1878 802 et
1894 721 2070 803 obstrictos
2084 739 2145 804 ad·

290 843 485 907 indumenta
513 838 736 903 humilitatem
766 836 874 902 cordis
901 846 935 900 et
960 843 1190 920 contemptum
1243 835 1307 900 huc
1322 837 1512 901 conditione
1527 835 1725 916 mortalium,
1741 838 1807 902 ianr
1828 838 1871 902 ad
1895 837 2144 904 similitudinem
2215 869 2218 878 ¹

290 941 405 1006 mundi
420 937 639 1022 significantia
654 937 773 1020 quibus
787 935 911 1000 famula
928 944 987 1000 tua
1001 935 1058 1000 ,tlt
1075 946 1190 1000 sancto
1243 935 1397 1018 prouehis
1412 937 1605 1019 angelorum
1618 958 1626 1018 ;
1647 937 1781 1020 respice,
1793 938 1935 1014 domine,
1949 958 2047 1021 super
2056 937 2144 1003 hanc

290 1041 461 1106 uisibiliter
489 1038 699 1103 informanda
736 1044 785 1102 est
818 1037 997 1120 proposito,
1028 1037 1190 1120 propitius
1242 1035 1399 1098 famulam
1427 1046 1519 1100 tuam
1532 1035 1601 1100 ·.ill.
1625 1056 1701 1119 quae
1724 1037 1785 1100 tibi
1811 1037 2022 1102 deuotionem
2049 1057 2143 1102 suam

289 1137 478 1220 benedicas,
492 1149 526 1203 et
546 1139 644 1222 beate
666 1139 829 1203 castitatis
850 1136 1011 1214 habitum,
1030 1155 1139 1219 quem,
1156 1145 1191 1200 te
1242 1135 1382 1222 offerta
1403 1155 1470 1218 quo
1492 1146 1526 1200 et
1549 1137 1621 1220 ipsa
1643 1136 1733 1200 idem
1756 1146 1872 1200 uotum
1895 1138 2045 1232 sumpsit.
2091 1136 2145 1202 Sit

290 1243 482 1326 inspirante,
511 1239 700 1322 susceperit,
723 1247 758 1303 te
780 1247 986 1321 protegente,
1013 1236 1190 1300 custodiat.
1242 1235 1275 1296 in
1289 1255 1336 1310 ea,
1347 1235 1492 1312 domine,
1504 1255 1563 1318 per
1574 1235 1699 1299 donum
1714 1236 1848 1318 spiritus
1859 1237 1907 1301 tui
1923 1255 1979 1300 cor
1990 1238 2144 1320 prudens,

290 1343 377 1407 Pera

690 1424 783 1489 Alia.

333 1553 437 1634 Deus,
461 1554 625 1618 bonarum
655 1551 815 1615 uirtutum
846 1559 881 1615 et
911 1550 1061 1614 omnium
1090 1549 1191 1613 bene·

290 1649 472 1720 dictionum
494 1654 605 1734 largus
626 1650 757 1730 infusor,
776 1652 899 1715 exaudi
918 1671 1033 1734 preces
1054 1659 1190 1727 nostras,

291 1765 325 1820 et
361 1755 447 1819 hanc
484 1763 613 1817 uestem
647 1771 748 1834 quam
785 1750 909 1815 famula
943 1762 1002 1815 tua
1037 1749 1093 1814 a'll.
1130 1769 1191 1832 pro

291 1855 517 1921 conseruando
544 1853 706 1917 castitatis
729 1851 824 1934 signo
849 1872 885 1915 se
908 1839 951 1915 ad
975 1851 1190 1934 operiendam

291 1958 453 2041 exposcit,
490 1955 684 2022 benedicere
722 1963 756 2018 et
792 1951 997 2018 sanctificare
1034 1951 1190 2035 digneris.

290 2058 377 2123 Per.t

407 2225 571 2306 issnuttrtin
591 2237 718 2317 uirginis
739 2237 774 2300 ab
791 2236 919 2318 eptarupn
938 2235 1065 2300 nirenta.

335 2389 488 2472 Respice,
507 2387 649 2460 domine,
672 2384 833 2468 propitius
858 2403 957 2465 super
977 2381 1062 2445 hanc
1084 2380 1190 2446 samu·

290 2489 357 2554 lam
380 2500 471 2554 tuam
489 2485 545 2551 .ill.
561 2495 598 2549 ut
612 2494 736 2549 sanctae
759 2483 956 2566 uirginitatis
973 2483 1189 2564 propositum,

291 2590 392 2673 quod,
409 2597 444 2653 te
459 2588 650 2670 inspirante,
666 2585 819 2667 suscepit,
839 2594 874 2650 te
888 2583 1102 2668 gubernante,
1118 2602 1190 2646 cus·

290 2691 407 2755 todiat.
452 2688 540 2751 Pera

270 2824 273 2830 '
330 2811 468 2895 Quando
481 2831 611 2874 sacrum
627 2809 772 2873 uelamen
787 2809 903 2892 accbpit
916 2807 1087 2873 debendum
1102 2817 1158 2873 est.

333 2951 474 3034 Accipe,
485 2949 605 3034 puella,
617 2958 768 3012 sanctum
784 2947 931 3030 pallium,
940 2948 1030 3030 quod
1047 2945 1190 3029 perferas

291 3052 362 3117 sine
386 3050 516 3116 macula
542 3059 619 3114 ante
645 3047 788 3112 tribunal
814 3047 941 3112 domini
968 3045 1071 3112 nostri
1098 3044 1190 3111 ihesu

291 3151 403 3217 christi
413 3149 436 3212 ¹.

334 3251 378 3314 R.
400 3249 525 3314 Arnen.

637 3331 845 3400 Consecratio.

334 3459 387 3525 Te
408 3461 609 3538 inuocamus,
621 3459 765 3533 domine,
781 3466 894 3523 sancte
916 3467 1021 3540 pater,
1040 3457 1192 3539 omnipo·

291 3571 365 3626 tens
387 3569 510 3624 aeterne
532 3559 623 3634 deus,
640 3578 738 3641 super
751 3557 837 3622 hanc
852 3557 1010 3622 famulam
1026 3567 1118 3621 tuam
1135 3554 1191 3620 ‚itt

291 3679 367 3743 quae
396 3660 457 3724 tibi
486 3657 558 3722 uult
588 3659 709 3721 seruire
738 3677 821 3740 pura
851 3668 963 3722 mente
1001 3656 1191 3737 mundoque

292 3760 399 3838 corde,
414 3768 452 3822 ut
474 3777 549 3822 eam
572 3759 696 3821 sociare
717 3758 860 3840 digneris
880 3758 965 3822 inter
979 3756 1036 3820 illa
1058 3765 1191 3820 centum

271 3897 276 3910 ·
292 3857 511 3942 quadraginta
525 3864 682 3939 quattuor
696 3856 786 3920 milia
801 3856 965 3921 infantum
977 3857 1033 3938 qui
1049 3855 1192 3937 uirgines

291 3947 551 4041 permahserunt,
568 3965 602 4019 et
617 3976 653 4020 se
668 3975 743 4020 curn
760 3955 949 4020 mulieribus
964 3975 1030 4018 non
1046 3953 1192 4035 coinqui-

292 4068 462 4136 nauerunt,
494 4058 528 4120 in
558 4075 698 4138 quorum
729 4077 786 4120 ore
815 4055 912 4120 dolus
941 4056 1094 4119 inuentus
1125 4071 1191 4116 non

292 4169 363 4240 est3
386 4160 433 4223 ita
448 4167 483 4222 et
497 4157 583 4221 hanc
598 4157 756 4221 famulam
772 4166 865 4221 tuam
881 4156 982 4220 iacias
998 4173 1191 4239 permanere

292 4257 526 4322 inmaculatam
542 4258 705 4339 usquead
721 4256 831 4321 finem.
865 4255 929 4320 Per
942 4253 1191 4319 immaculatum

291 4360 464 4424 dominum
492 4369 640 4424 nostrum
670 4357 798 4422 ihesum
829 4357 998 4432 christum,
1025 4374 1100 4420 cum
1125 4373 1191 4436 quo

294 4460 378 4522 uiuis
402 4469 437 4524 et
463 4479 581 4542 regnas
604 4460 687 4523 deus
713 4478 772 4541 per
795 4457 908 4522 omnia
931 4457 1041 4521 secula
1067 4454 1192 4520 seculo·

293 4577 365 4622 rum
375 4557 400 4622 ².

694 4644 784 4711 Alia.

336 4771 441 4849 DeuS,
456 4781 623 4838 castorum
644 4792 819 4856 corporum
840 4771 1005 4854 benignus
1027 4769 1191 4834 inhabita·

292 4879 345 4935 tor
372 4883 407 4937 et
436 4873 697 4956 incorruptarum
734 4883 864 4937 amator
892 4873 1097 4949 animarum;
1134 4872 1191 4953 qui

292 4969 471 5035 humanam
488 4972 707 5037 substantiam
730 4972 764 5035 in
786 4973 900 5055 primis
915 4971 1104 5035 hominibus
1119 4970 1190 5034 dia-

293 5071 401 5137 bolica
416 5071 532 5136 fraude
547 5073 698 5136 uitiatam
714 5073 761 5136 ita
776 5073 810 5136 in
826 5073 928 5136 uerbo
944 5082 1011 5146 tuo,
1027 5091 1086 5154 per
1100 5072 1190 5153 quod

292 5172 403 5235 omnia
419 5172 509 5237 facta
531 5181 616 5250 sunt,
632 5191 773 5254 reparas,
788 5181 825 5237 ut
841 5192 915 5236 eam
933 5190 999 5235 non
1017 5169 1124 5234 solum
1147 5171 1190 5235 ad

292 5271 396 5353 prime
411 5272 545 5355 originis
560 5273 782 5336 innocentiam
798 5291 940 5351 reuoces,
955 5272 1014 5336 sed
1031 5271 1131 5336 etiam
1147 5271 1190 5334 ad

294 5372 532 5454 experientiam
548 5372 756 5454 quorundam
778 5372 939 5436 bonorum
956 5391 1031 5456 quae
1050 5373 1083 5434 in
1104 5390 1191 5434 nouo

324 5584 866 5652 ¹1n.anannorce1uecnuu‚p.23.
983 5585 994 5617 ²
1010 5585 1066 5638 cn.
1079 5601 1103 5652 p.
1111 5586 1168 5652 631.

1242 1335 1406 1398 modestia
1436 1335 1575 1418 sapiens,
1606 1335 1802 1418 benignitas,
1832 1337 1988 1420 grauitas,
2016 1336 2144 1414 lenitas,

1242 1443 1334 1497 casta
1349 1434 1504 1513 libertas3
1527 1435 1654 1500 semeat
1674 1435 1708 1498 in
1731 1435 1878 1515 caritate,
1893 1444 1927 1500 et
1944 1433 2024 1499 nihil
2047 1443 2144 1500 extra

1242 1542 1277 1598 te
1299 1533 1425 1617 diligat,
1447 1532 1723 1617 laudabiliterque
1746 1535 1847 1608 uiuat,
1871 1543 1905 1600 et
1928 1535 2054 1599 laudari
2076 1555 2144 1598 non

1242 1643 1404 1716 appetat3
1435 1643 1470 1699 te
1495 1635 1621 1710 timeat,
1645 1635 1707 1699 tibi
1733 1653 1847 1699 amore
1873 1636 2016 1713 seruiat3
2050 1645 2086 1699 tu
2114 1636 2144 1698 ei

1243 1731 1357 1808 honor,
1370 1743 1406 1797 tu
1419 1734 1577 1816 gaudium
1592 1759 1600 1813 ;
1623 1743 1660 1799 tu
1672 1737 1705 1798 in
1718 1753 1845 1799 merore
1860 1736 2016 1800 solatium
2031 1756 2039 1815 ;
2061 1735 2144 1798 tuin

1243 1832 1462 1914 ambiguitate
1482 1831 1665 1912 consilium,
1681 1843 1718 1899 tu
1741 1834 1775 1896 in
1798 1835 1914 1898 iniuria
1936 1833 2093 1909 defensio,
2110 1835 2144 1898 in

1242 1932 1456 1997 tribulatione
1473 1935 1644 2017 patientia,
1661 1934 1694 1998 in
1710 1943 1907 2019 paupertate
1930 1933 2143 2008 abundantia,

1242 2031 1276 2095 in
1291 2033 1412 2097 ieiunio
1434 2033 1535 2112 cibus,
1551 2035 1583 2096 in
1599 2033 1792 2100 infirmitate
1815 2032 1987 2099 medicina.
2032 2033 2095 2098 Per
2110 2044 2144 2098 te

1243 2151 1342 2214 quem
1359 2133 1494 2217 diligere
1509 2153 1608 2216 super
1619 2134 1732 2197 omnia
1746 2135 1884 2217 appetit,
1897 2136 1987 2216 quod
2003 2145 2054 2199 est
2068 2153 2145 2216 pro·

1242 2230 1330 2296 fessa
1341 2233 1517 2309 custodiat,
1534 2243 1572 2297 ut
1587 2243 1622 2298 et
1637 2231 1768 2298 hostem
1788 2234 1963 2316 antiquum
1979 2234 2144 2310 deuincat,

1242 2341 1277 2395 et
1299 2331 1455 2396 uitiorum
1477 2333 1647 2415 squalores
1675 2344 1860 2417 expurget3
1890 2335 2046 2417 quatinus
2069 2353 2145 2398 cen-

1241 2433 1351 2497 tesimi
1374 2433 1499 2498 fructus
1525 2435 1615 2498 dono
1644 2435 1843 2516 uirginitatis
1858 2434 2016 2509 decorari,
2043 2433 2145 2496 uirtu-

1242 2541 1381 2615 tumque
1391 2533 1601 2616 lampadibus
1610 2535 1772 2614 exornari,
1782 2545 1816 2599 et
1826 2534 2004 2599 electarum
2013 2542 2145 2598 tuamm

1242 2635 1406 2717 uirginum
1429 2636 1604 2712 consortio,
1627 2645 1662 2700 te
1685 2636 1840 2715 donante,
1863 2646 2028 2700 mereatur
2052 2634 2145 2698 uniri.

1243 2735 1306 2800 Per
1318 2734 1341 2798 ¹.

1465 2939 1544 3006 lltnn
1565 2943 1775 3007 atetlanum
1795 2943 1924 3007 ubuum.

1289 3089 1480 3167 Consolare,
1507 3093 1650 3172 domine,
1675 3093 1762 3158 hanc
1784 3091 1944 3157 famulam
1968 3100 2061 3157 tuam
2087 3091 2144 3155 all.

1139 3257 1141 3262 ,
1243 3191 1413 3256 uiduitatis
1444 3211 1570 3256 merore
1601 3193 1821 3272 constrictam,
1857 3194 1942 3258 sicut
1974 3191 2144 3257 consolare

1244 3292 1399 3374 dignatus
1415 3311 1450 3355 es
1465 3303 1677 3375 saraptenam
1699 3294 1834 3358 uiduam
1857 3313 1917 3376 per
1930 3291 2053 3358 heliam
2068 3312 2145 3376 pro·

1243 3389 1400 3474 phetam;
1422 3393 1567 3458 concede
1592 3394 1622 3457 ei
1646 3393 1815 3476 pudicitiae
1836 3391 1987 3469 fructum,
2003 3403 2041 3457 ut
2060 3393 2147 3457 anti·

1244 3512 1385 3574 quarum
1422 3511 1490 3556 non
1527 3493 1713 3559 meminerit
1746 3493 1978 3576 uoluptatum
2019 3493 2145 3557 nesciat

1244 3591 1345 3655 etiam
1360 3592 1527 3657 incentiua
1543 3593 1714 3667 desideria,
1731 3603 1768 3658 ut
1783 3593 1844 3658 soli
1859 3593 1921 3658 tibi
1936 3592 2059 3658 subdat
2068 3611 2146 3675 pro·

1244 3692 1351 3773 prium
1380 3691 1512 3768 collum,
1540 3712 1607 3774 quo
1633 3693 1737 3774 possit
1765 3712 1827 3776 pro
1853 3692 2019 3756 laboribus
2042 3692 2145 3757 tantis

1243 3791 1489 3873 sexagesimum
1511 3811 1651 3874 granum
1666 3792 1844 3876 percipere,
1861 3812 1980 3856 munus
2001 3791 2145 3856 delecta·

1244 3890 1311 3954 bile
1326 3891 1519 3956 sanctitatis
1567 3889 1629 3956 Per
1638 3890 1661 3956 ².

1644 4083 1735 4147 Alia.

1289 4205 1391 4280 Deus,
1408 4206 1569 4271 castitatis
1584 4218 1720 4286 amator,
1737 4216 1772 4272 et
1787 4206 1999 4272 continentiae
2015 4225 2145 4270 conser-

1244 4315 1348 4384 uator,
1364 4305 1636 4389 supplicationem
1656 4317 1803 4372 nostram
1824 4307 1988 4389 benignus
2010 4306 2144 4381 exaudi,

1245 4415 1279 4470 et
1294 4405 1379 4469 hanc
1394 4405 1551 4470 famulam
1568 4416 1660 4470 tuam
1676 4404 1764 4492 (.ill.)
1779 4407 1940 4490 propitius
1955 4405 2090 4480 intuere,
2107 4414 2144 4469 ut

1245 4524 1319 4586 quae
1332 4525 1391 4587 pro
1403 4505 1521 4569 timore
1532 4516 1591 4570 tuo
1602 4507 1814 4570 continentiae
1825 4506 2020 4589 pudicitiam
2031 4515 2143 4578 uouet,

1245 4614 1302 4668 tuo
1314 4605 1452 4684 auxilio,
1468 4616 1687 4683 conseruetur,
1701 4616 1804 4687 utque
1819 4601 1884 4690 (ut)
1899 4605 2144 4688 sexagesimum

1243 4703 1385 4768 fructum
1408 4705 1620 4787 continentie,
1644 4715 1678 4770 et
1704 4706 1808 4772 uitam
1831 4714 1998 4784 aeternam,
2020 4713 2054 4768 te
2081 4703 2145 4768 lar-

1243 4804 1364 4886 giente,
1380 4805 1548 4888 percipiat.
1595 4803 1686 4869 Per³.

1305 5067 1414 5135 dritta
1436 5072 1473 5132 at
1494 5069 1623 5132 ablatem
1643 5069 1691 5133 unt
1711 5068 1893 5132 abbatissam
1912 5067 2083 5132 facientum.

1288 5215 1454 5295 Concede,
1476 5235 1665 5299 quesumus,
1692 5214 1903 5297 omnipotens
1924 5215 2015 5293 deus,
2039 5222 2073 5277 et
2095 5212 2144 5276 sa·

1244 5314 1453 5402 mulum(am)
1476 5311 1655 5402 tuum(am)
1674 5313 1777 5379 ‚illum
1800 5313 1855 5378 uel
1867 5313 1970 5379 illam.
1984 5333 2085 5397 quem
2100 5313 2143 5378 ad

1342 5509 1350 5539 ¹
1367 5509 1492 5574 Compare
1503 5483 1559 5560 Gel.
1571 5523 1597 5574 p.
1608 5507 1665 5574 629.

1342 5587 1353 5619 ¹
1369 5586 1425 5639 Gel.
1437 5601 1462 5652 p.
1475 5584 1531 5652 726.
1909 5585 1919 5616 ⁸
1935 5584 1974 5636 lb.
1988 5583 2044 5648 ⁶32.

1734 5692 1841 5769 og2
