5116 6608
980 593 1087 670 Mi.
1101 592 1210 670 Μ.
1237 591 1349 679 stiffi.
1373 589 1464 668 tritt.

659 795 822 874 Preptaoo.

331 915 370 976 V.
381 914 418 975 D.
433 923 539 976 aeteme
554 913 635 975 deus.
674 914 714 974 Et
727 915 766 976 ad
779 926 860 975 tuam
874 916 996 993 gloriam
1011 913 1103 974 sancti
1117 932 1194 973 russi

291 1011 425 1070 antistitis
447 1009 488 1069 tui
509 1009 721 1070 solemnitatem
742 1010 897 1079 celebrare,
912 1010 962 1086 qui
980 1008 1120 1086 quoniam
1143 1008 1194 1066 tibi

292 1105 413 1165 fideliter
444 1103 599 1162 desemiuit
634 1105 665 1161 in
698 1103 789 1174 terris,
818 1121 897 1163 nunc
925 1112 1023 1162 tecum
1050 1101 1194 1178 gloriosus

292 1199 402 1258 exultat
429 1198 459 1256 in
483 1197 562 1271 celis,
583 1197 666 1256 cuius
691 1214 860 1274 quesumus,
881 1197 1015 1273 precibus
1039 1206 1089 1254 tua
1114 1193 1194 1273 (nos)

292 1310 408 1368 semper
431 1291 581 1369 proueniat
603 1290 809 1360 misericordia,
831 1301 860 1350 et
883 1290 921 1349 ad
942 1291 993 1349 tibi
1013 1289 1195 1366 beneplacita

293 1386 408 1463 agenda
421 1387 513 1463 gratia
527 1386 728 1461 subsequatur.
771 1384 827 1444 Per
840 1384 987 1445 christum.

632 1526 859 1588 postcommunio.

336 1637 459 1715 Sumpta
476 1647 666 1707 sacramenta,
680 1653 849 1713 quesumus,
865 1635 992 1709 domine,
1012 1653 1067 1695 nos
1088 1654 1107 1693 a
1127 1653 1196 1712 pec·

294 1733 366 1794 catis
387 1733 525 1792 omnibus
545 1731 710 1804 absoluunt,
726 1741 755 1790 et
775 1730 853 1790 beati
867 1748 945 1790 rusm
964 1729 1141 1791 confessoris
1155 1730 1196 1788 tui

294 1836 382 1904 atque
407 1826 552 1904 pontilicis
577 1823 716 1902 suffragia
741 1825 778 1884 ad
802 1824 937 1902 paradysi
957 1842 1015 1884 nos
1035 1823 1197 1901 perducant

295 1920 410 2000 gaudia.
450 1919 515 1981 Per.

553 2106 600 2170 nr
622 2110 722 2171 nanno
745 2107 901 2170 ratmanno
910 2107 931 2172 ¹.

694 2238 800 2299 Oratio.

338 2349 419 2408 Deus
434 2347 587 2407 ineffabilis
601 2347 809 2423 misericordie,
820 2349 870 2426 qui
884 2347 1083 2408 beatissimum
1097 2367 1197 2425 regem

297 2461 483 2507 nnnuuunuu
505 2441 625 2501 tribuisti
649 2459 703 2519 pro
724 2450 775 2501 tuo
796 2444 916 2501 nomine
937 2442 1086 2502 inimicum
1109 2443 1197 2501 mori·

298 2538 376 2597 endo
386 2537 512 2606 uincere,
524 2535 654 2595 concede
668 2535 811 2613 propitius
821 2535 929 2611 familie
943 2547 1000 2610 tue,
1012 2546 1051 2608 ut,
1063 2553 1100 2595 eo
1110 2537 1198 2595 inter·

297 2633 441 2704 ueniente,
464 2639 608 2690 mereatur
635 2630 665 2688 in
694 2647 726 2690 se
754 2630 864 2707 antiqui
891 2629 983 2690 hostis
1011 2631 1199 2690 incitamenta

298 2725 464 2806 superando
478 2725 655 2802 extinguere.
698 2724 762 2785 Per.

685 2868 805 2930 Secreta.

340 2975 517 3036 Sacrificium
532 2976 696 3036 deuotionis
711 2988 818 3052 nostre,
829 2995 998 3054 quesumus,
1010 2977 1198 3056 omnipotens

298 3067 379 3142 deus,
404 3071 563 3130 clementer
590 3071 710 3148 respice,
734 3080 772 3144 et,
794 3072 990 3138 intercedente
1013 3073 1101 3133 beato
1128 3091 1198 3132 nau·

297 3181 410 3235 nunno,
431 3182 501 3242 rege
525 3174 554 3223 et
576 3174 700 3242 martyre
722 3175 782 3237 tuo,
805 3184 858 3243 per
882 3165 940 3226 boc
964 3167 1050 3226 nobis
1075 3167 1199 3227 salutem

298 3260 404 3318 mentis
417 3269 447 3319 et
461 3259 591 3337 corporis
604 3260 749 3336 benignus
763 3260 911 3337 impende.
954 3260 1018 3320 Per.

665 3404 829 3481 Prephao'o.

339 3523 377 3584 V.
398 3523 436 3583 D.
460 3533 565 3583 aeteme
588 3523 668 3584 deus.
711 3523 804 3585 Cuius
828 3525 982 3585 clementia
1010 3527 1097 3586 etiam
1124 3528 1198 3605 regi-

299 3619 354 3678 bus
368 3618 538 3678 conceditur
550 3619 678 3696 martyrii
692 3618 789 3695 palma
797 3639 805 3693 ;
828 3620 936 3697 sicque,
950 3638 1001 3679 rex
1015 3639 1117 3698 regum
1136 3641 1199 3680 om·

300 3715 445 3792 nipoteus,
467 3713 600 3790 disponis
623 3713 725 3772 merita
752 3712 914 3787 humilium,
942 3724 974 3772 ut
1000 3723 1052 3773 tuo
1079 3733 1199 3777 munere

300 3818 476 3868 coronentur
490 3807 538 3867 hic
552 3819 582 3868 et
594 3808 626 3865 in
639 3817 823 3884 perpetuum.
866 3807 922 3868 Per
936 3808 1083 3869 christum.

633 3954 863 4014 Posfcommunio.

341 4060 405 4119 Sint
426 4061 487 4134 tibi,
511 4061 701 4137 omnipotens
724 4061 805 4134 deus,
826 4071 909 4138 grata
932 4072 1031 4137 nostre
1056 4064 1200 4124 seruitutis

299 4153 449 4232 obsequia,
464 4165 493 4214 et
514 4155 568 4229 bec
589 4165 776 4232 sancta,un
797 4156 981 4233 sumpsimus,
1004 4157 1199 4218 intercedente

300 4249 386 4308 beato
408 4267 570 4310 nannunno
594 4267 663 4326 rege
692 4258 721 4309 et
743 4261 866 4327 martyre
889 4261 949 4319 tuo,
974 4251 1087 4327 prosint
1114 4254 1200 4312 nobis

300 4342 336 4402 ad
350 4343 533 4420 capescenda
546 4344 658 4421 premia
670 4345 730 4418 uite
744 4353 892 4422 perpetue.
933 4342 998 4404 Per.

340 4673 407 4734 The
421 4672 569 4750 following
589 4672 705 4733 Messes
726 4674 880 4751 occurring
901 4691 1012 4752 among
1030 4675 1079 4734 tbe
1101 4673 1200 4736 Missae

301 4767 414 4922 1512&ae
431 4768 524 4827 tbrow
544 4766 617 4844 light
636 4785 678 4826 on
698 4767 747 4827 the
768 4767 862 4845 origin
883 4769 943 4828 and
962 4768 1079 4848 locality
1099 4770 1134 4829 of
1152 4771 1200 4831 tbe

329 5053 440 5128 afflissa
461 5055 492 5118 in
511 5053 696 5118 amantium
716 5059 883 5119 samtnrnm
903 5072 1029 5136 qnorum
1048 5056 1167 5138 ttttqaig

478 5153 510 5215 in
530 5151 655 5234 paternii
674 5154 858 5235 requiescunt
878 5153 1016 5236 perroto.

340 5284 507 5364 Propitiare‚
536 5304 704 5363 quesumus,
734 5287 863 5358 domine,
892 5289 978 5348 nobis
1006 5286 1121 5347 famulis
1143 5287 1199 5348 tuis

300 5395 351 5456 per
379 5381 473 5440 sancti
496 5398 654 5440 aucussnn
679 5380 854 5442 confessoris
877 5383 918 5441 tui
941 5391 1029 5460 atque
1052 5380 1199 5460 pontificis

300 5471 430 5554 nec(non
444 5484 473 5532 et
487 5487 648 5534 ceterorum
663 5475 795 5534 omnium
811 5487 979 5536 sanctorum
993 5494 1119 5554 quorum
1135 5475 1199 5535 reli-

429 5651 438 5682 ¹
455 5653 512 5706 Fol.
524 5667 570 5716 1³²
581 5670 604 5705 a.
894 5655 905 5685 ²
920 5655 976 5707 Fol.
991 5670 1069 5721 1⁵²²·

2076 615 2143 686 30¹

1246 793 1313 870 quie
1328 792 1358 852 in
1375 790 1500 870 presenti
1523 785 1722 868 continentur)
1743 789 1867 852 ecclesia
1888 789 1991 851 merita
2010 789 2148 870 gloriosa,

1246 897 1403 946 uteorum
1430 887 1485 964 piis
1514 884 1779 958 intercessionibus,
1800 887 1839 945 ab
1867 886 2005 946 omnibus
2033 903 2149 964 semper

1244 990 1433 1058 protegamur
1446 979 1583 1040 aduersis.
1624 979 1689 1040 Per.

1645 1119 1763 1186 Secreta.

1287 1234 1430 1314 Suscipiat
1444 1235 1598 1298 clementia
1613 1248 1672 1310 tua,
1683 1236 1812 1308 domine,
1824 1254 1992 1315 quesumus,
2004 1236 2041 1296 de
2056 1236 2149 1295 mani·

1245 1331 1301 1390 bus
1315 1330 1423 1390 nostris
1440 1350 1547 1393 munus
1561 1333 1702 1402 oblatum,
1717 1332 1798 1408 quod
1818 1349 1871 1409 per
1886 1331 1979 1391 sancti
1992 1348 2150 1391 ruousmur

1246 1423 1423 1484 confessoris
1457 1425 1499 1485 tui
1534 1437 1621 1505 atque
1652 1425 1798 1502 pontificis
1828 1428 1959 1500 (necnon
1987 1435 2150 1484 ceterorum

1247 1519 1381 1578 omnium
1396 1530 1563 1579 sanctonrm
1577 1538 1703 1597 quorum
1724 1518 1844 1597 reliquie
1866 1519 1896 1577 iu
1917 1520 2045 1596 presenti
2059 1519 2150 1579 conti-

1247 1623 1352 1672 nentur
1387 1612 1522 1692 ecclesia)
1551 1632 1648 1673 sacras
1683 1613 1832 1673 orationes
1860 1613 1898 1672 ab
1926 1613 2063 1672 omnibus
2094 1631 2150 1673 nos

1247 1704 1386 1766 emundet
1399 1707 1535 1784 peccatis,
1577 1706 1640 1767 Per.

1581 1854 1809 1914 Postcommunr'o.

1289 1971 1397 2031 Diuina
1419 1972 1540 2032 libantes
1563 1973 1780 2050 mysteriaque
1802 1991 1856 2051 pro
1878 1973 1972 2034 sancti
1994 1991 2151 2034 ruousmm

1248 2067 1425 2127 confessoris
1450 2068 1492 2127 tui
1515 2078 1603 2144 atque
1628 2067 1775 2144 pontificis
1797 2085 1914 2127 necnon
1935 2077 1964 2127 et
1987 2078 2151 2128 ceterorum

1250 2157 1394 2238 (omnium
1414 2172 1583 2220 sanctorum
1602 2179 1728 2240 quorum
1746 2161 1865 2239 reliquie
1884 2161 1915 2219 in
1936 2162 2062 2237 presenti
2081 2179 2151 2220 con·

1248 2257 1376 2315 tinentur
1389 2253 1523 2336 ecclesia)
1538 2257 1727 2315 ueneratione
1749 2266 1798 2330 tue
1812 2255 1969 2315 obtulimus
1989 2257 2131 2316 maiestati
2143 2275 2150 2327 ;

1248 2359 1353 2427 presta,
1368 2350 1496 2421 domiue,
1511 2368 1679 2426 quesumus,
1693 2360 1725 2408 ut
1742 2368 1794 2427 per
1808 2367 1844 2408 ea
1857 2349 1975 2408 ueniam
1989 2367 2153 2409 mercamur

1249 2455 1446 2524 peccatorum,
1461 2453 1490 2504 et
1504 2444 1619 2519 celestis
1633 2444 1726 2522 gratie
1742 2443 1828 2506 donis
1842 2443 2014 2504 reficiamur.
2056 2443 2119 2504 Per.

1429 2630 1567 2720 [lutosa]
1588 2653 1641 2717 pto
1661 2635 1743 2700 ainis
1765 2642 1792 2700 rt
1813 2637 1938 2702 mannis
1946 2637 1967 2704 ¹.

1290 2769 1465 2831 Sanctorum
1485 2781 1601 2830 tuorum
1625 2769 1887 2844 intercessionibus,
1910 2788 2076 2850 quesumus,
2099 2770 2153 2832 do-

1249 2865 1337 2936 mine,
1366 2874 1396 2924 et
1423 2882 1479 2924 nos
1506 2874 1636 2942 protege,
1658 2873 1688 2924 et
1712 2863 1827 2924 famulis
1850 2875 1879 2924 et
1906 2865 2070 2925 famulabus
2097 2866 2154 2925 tuis

1250 2976 1374 3036 quorum
1389 2960 1699 3018 commemorationem
1714 2959 1836 3036 agimus,
1847 2959 1895 3019 uel
1906 2978 2031 3037 quorum
2046 2959 2154 3019 clemo-

1251 3053 1330 3112 sinas
1350 3051 1522 3130 recepimus,
1536 3071 1589 3114 seu
1610 3053 1697 3112 etiam
1717 3052 1762 3113 his
1785 3053 1834 3130 qui
1857 3055 1942 3114 nobis
1963 3053 2153 3114 familiaritate

1250 3147 1339 3206 iuncti
1350 3158 1425 3220 sunt,
1437 3147 1666 3208 misericordiam
1677 3156 1757 3206 tuam
1767 3148 1876 3225 ubique
1890 3147 2047 3225 pretende3
2069 3157 2101 3206 ut
2115 3150 2154 3207 ab

1251 3240 1387 3301 omnibus
1408 3241 1676 3319 impugnationibus
1691 3240 1810 3314 defensi,
1825 3252 1875 3301 tua
1889 3242 2079 3319 opitulatione
2098 3242 2154 3300 sal·

1250 3343 1364 3406 nentur,
1385 3345 1415 3394 et
1439 3337 1552 3395 animas
1573 3335 1747 3394 lamulomm
1768 3335 2000 3412 famularumque
2028 3345 2152 3408 tuarum,

1251 3430 1392 3501 omnium,
1413 3428 1557 3501 uidelicet,
1579 3429 1707 3489 fidelium
1736 3429 1944 3489 catholicorum
1973 3428 2153 3490 orthodoxo-

1250 3542 1324 3597 runr,
1346 3542 1472 3602 quomm
1492 3525 1804 3584 commemorationem
1831 3526 1955 3600 agimus,
1977 3533 2007 3582 et
2027 3541 2153 3602 quorum

1251 3635 1377 3695 corpora
1400 3619 1431 3676 in
1454 3619 1511 3679 boc
1537 3620 1722 3690 monasterio,
1745 3619 1793 3678 uel
1816 3619 1847 3676 iu
1871 3619 1984 3678 cunctis
2007 3618 2153 3677 cimiteriis

1251 3712 1381 3772 fidelium
1400 3714 1594 3789 requiescunt,
1610 3711 1657 3772 uel
1677 3730 1803 3790 quorum
1824 3713 1946 3772 nomina
1965 3731 2052 3790 super
2069 3730 2153 3772 sanc·

1251 3817 1314 3866 tum
1337 3806 1425 3865 altare
1449 3817 1531 3865 tuum
1557 3806 1665 3883 scripta
1691 3806 1794 3866 adesse
1823 3807 1967 3881 uidentur,
1995 3807 2153 3866 electorum

1252 3911 1369 3960 tuorum
1384 3901 1504 3978 iungere
1518 3899 1645 3977 digneris
1659 3900 1818 3961 consortio.
1859 3900 1923 3962 Per.

1641 4043 1759 4105 Secreta.

1292 4156 1461 4234 Propitiare‚
1483 4155 1612 4230 domine,
1634 4156 1896 4234 supplicationibus
1917 4156 2030 4230 nostris,
2052 4167 2081 4216 et
2101 4155 2154 4216 has

1251 4250 1423 4324 oblationes,
1448 4268 1521 4328 quas
1548 4269 1602 4328 pro
1629 4252 1829 4311 incolumitate
1857 4251 2032 4311 famulorum
2060 4250 2154 4310 famu·

1251 4343 1403 4421 latumque
1427 4355 1542 4403 tuarum
1565 4355 1595 4404 et
1616 4363 1671 4424 pro
1693 4347 1847 4406 animabus
1871 4347 2004 4405 omniurn
2025 4345 2153 4404 fidelium

1252 4439 1461 4498 catholicorum
1483 4439 1725 4511 orthodoxorum,
1746 4458 1872 4518 quorum
1896 4441 2154 4501 commemoratio·

1252 4551 1322 4592 nem
1336 4533 1459 4610 agimus,
1473 4546 1503 4592 et
1522 4551 1646 4610 quorum
1665 4535 1787 4595 nomina
1806 4552 1894 4611 super
1912 4547 2045 4593 sanctum
2065 4533 2154 4592 altare

1253 4637 1334 4686 tuum
1350 4627 1456 4704 scripta
1470 4627 1572 4686 adesse
1587 4628 1728 4702 uidentur,
1745 4629 1856 4688 nomini
1873 4640 1924 4688 tuo
1939 4627 2154 4687 consecrandas

1253 4722 1418 4793 deferimus,
1445 4722 1591 4798 benignus
1623 4739 1757 4796 assume;
1790 4733 1821 4782 ut
1849 4722 1981 4782 sacrificii
2009 4723 2153 4800 presentis

1252 4815 1361 4874 oblatio
1379 4815 1416 4874 ad
1435 4814 1616 4893 refrigerium
1636 4817 1799 4876 animarum
1820 4835 1931 4888 eorum,
1946 4827 1974 4875 te
1988 4817 2153 4887 miserante,

1251 4910 1408 4990 perueniat
1452 4908 1516 4970 Per.

1587 4993 1815 5052 Postcommunr'o.

1293 5111 1429 5172 Purificet
1452 5131 1517 5183 nos,
1542 5131 1710 5191 quesumus,
1735 5113 1864 5188 domine,
1889 5124 1919 5175 et
1944 5114 2034 5174 diuini
2057 5132 2155 5174 sacra·

1251 5207 1341 5265 menti
1355 5208 1514 5285 perceptio,
1528 5218 1558 5266 et
1577 5209 1703 5285 gloriosa
1724 5219 1891 5269 sanctorum
1912 5221 2027 5270 tuorum
2043 5209 2153 5281 oratio;

1252 5311 1280 5360 et
1295 5301 1449 5360 animabus
1464 5301 1636 5361 famulorum
1647 5301 1879 5381 famularumque
1893 5315 2015 5374 tuarum,
2026 5320 2153 5380 quorum

1252 5399 1564 5456 commemorationem
1598 5399 1721 5475 agimus,
1749 5399 1952 5459 remissionem
1980 5410 2151 5458 cunctorum

1251 5491 1345 5550 tribue
1360 5501 1555 5567 peccatomm.
1590 5490 1653 5550 Per.

1609 5653 1620 5686 ²
1636 5653 1691 5709 Fol.
1705 5666 1752 5720 170
1760 5655 1786 5708 b.
