5124 6608
388 563 437 635 86
757 559 858 654 fula
883 561 925 635 tt.

387 763 516 826 niamus
546 759 708 843 promissa
744 761 859 824 securi.
911 760 974 825 Per
1004 779 1105 843 quem
1140 760 1293 826 maiesta-

386 873 456 928 tem
467 860 490 924 ¹.

680 957 742 1022 Ad
759 957 988 1040 complendum.

432 1085 543 1150 Huius
558 1105 628 1160 nos,
642 1083 785 1162 domine,
797 1082 967 1167 perceptio
982 1082 1180 1150 sacramenti
1198 1105 1293 1149 mun-

387 1187 445 1252 det
474 1207 494 1250 a
520 1185 665 1262 crimine,
691 1193 725 1248 et
752 1184 795 1248 ad
822 1183 968 1248 caelestia
993 1179 1094 1266 regn'a
1123 1187 1293 1266 perducat.

387 1285 473 1350 Per.⁷

719 1384 781 1450 Ad
793 1385 959 1469 populum.

431 1511 598 1590 Miserere,
613 1509 757 1588 domine,
772 1510 896 1593 populo
912 1519 980 1585 tuo,
997 1521 1032 1574 et
1052 1513 1215 1576 continuis
1236 1513 1292 1576 tri-

386 1611 610 1677 bulationibus
626 1609 834 1675 laborantem
858 1611 1019 1694 propitius
1041 1613 1201 1694 respirare
1216 1633 1292 1677 con·

386 1712 476 1776 cede.
522 1711 610 1775 Pera

761 1897 851 1970 istiu
866 1899 931 1962 iiii.¹

647 2042 710 2106 Ad
726 2056 874 2110 sanctum
888 2045 1039 2129 paulum.

432 2168 534 2248 Deus,
550 2168 606 2251 qui
630 2177 665 2234 et
688 2169 782 2234 iustis
801 2169 929 2252 premia
949 2173 1151 2251 meritorum,
1166 2181 1200 2237 et
1215 2191 1291 2256 pec·

387 2269 554 2335 catoribus
576 2289 635 2352 per
657 2269 817 2334 ieiunium
840 2271 972 2334 ueniam
996 2273 1123 2354 prebes,
1139 2271 1291 2336 miserere

387 2372 589 2455 supplicibus
611 2373 687 2451 tuis,
703 2383 740 2436 ut
762 2383 873 2438 reatus
889 2375 991 2438 nostri
1007 2375 1168 2440 confessio
1184 2375 1291 2440 indul-

387 2474 536 2556 gentiam
552 2471 662 2538 ualeat
678 2473 847 2555 percipere
862 2473 1066 2539 delictorum.
1113 2475 1198 2540 Pera

790 2649 882 2714 Alia.

432 2772 564 2850 Praesta,
584 2791 775 2854 quesumus,
798 2773 1010 2855 omnipotens
1033 2774 1126 2850 deus,
1147 2782 1185 2838 ut
1207 2795 1291 2857 quos

388 2871 510 2936 ieiunia
539 2870 652 2935 uotiua
686 2873 860 2954 castigant,
893 2873 965 2956 ipsa
994 2893 1128 2956 quoque
1156 2873 1292 2940 deuotio

387 2986 502 3040 sancta
525 2972 681 3049 laetificet,
703 2985 749 3049 ut,
766 2978 904 3040 terrenis
927 2977 1100 3041 affectibus
1122 2977 1290 3061 mitigatis,

387 3074 514 3141 facilius
542 3072 687 3137 caelestia
714 3075 891 3158 capiamus.
918 3077 999 3140 'Per
1022 3076 1193 3142 dominum
1217 3098 1292 3141 nos·

388 3184 501 3240 trum?

770 3277 908 3344 Secreta.

433 3401 617 3485 Supplices,
631 3401 774 3478 domine,
788 3413 822 3468 te
837 3423 1001 3486 rogamus,
1014 3414 1050 3467 ut
1064 3403 1116 3468 his
1127 3402 1292 3468 sacrificiis

389 3512 526 3587 peccata
542 3513 654 3567 nostra
671 3502 879 3579 mundentur,
892 3505 969 3586 quia
981 3515 1058 3569 tunc
1070 3526 1184 3569 ueram
1197 3505 1292 3569 nobis

389 3603 505 3668 tribuis
520 3613 553 3668 et
570 3604 690 3666 mentis
706 3612 740 3667 et
756 3604 902 3685 corporis
917 3605 1103 3671 sanitatem.
1149 3595 1234 3671 Ριτὲ.γ

749 3773 925 3857 Proefatio.

434 3900 477 3966 U.
495 3899 537 3962 D.
561 3920 620 3982 per
641 3898 801 3965 christum
824 3901 997 3965 dominum
1021 3911 1181 3967 nostrum.
1225 3901 1292 3986 Qui

389 4000 640 4065 inluminatione
655 4021 723 4064 suae
743 4001 819 4065 fidei
839 4002 992 4066 tenebras
1015 4003 1147 4085 expulit
1170 4003 1292 4081 mundi,

390 4111 423 4166 et
432 4121 538 4183 genus
547 4100 740 4180 humanum,
750 4101 841 4183 quod
854 4102 959 4184 prime
972 4103 1085 4166 matris
1095 4095 1207 4168 uterus'
1216 4124 1292 4186 pro·

388 4201 520 4265 suderat
542 4221 676 4276 caecum,
702 4201 934 4265 incarnationis
957 4222 1015 4284 sue
1038 4203 1197 4285 mysterio
1219 4204 1292 4267 red·

388 4300 474 4364 didit
490 4299 730 4377 inluminatum,
743 4301 903 4384 Fecitque
919 4301 1005 4366 filios
1020 4302 1217 4386 adoptionis,
1235 4303 1291 4385 qui

389 4400 587 4463 tenebantur
602 4399 741 4463 uinculis
759 4399 844 4482 iuste
859 4401 1113 4482 dampnationis.
1162 4401 1224 4465 Per
1242 4403 1290 4484 ip-

389 4520 462 4563 sum
491 4509 527 4563 te
559 4498 703 4581 petimus
733 4509 770 4562 ut
803 4499 887 4564 tales
920 4501 1127 4564 inueniamur
1155 4502 1202 4564 in.
1223 4502 1291 4565 eius

389 4599 566 4663 iustissima
592 4599 849 4678 examinatione,
872 4599 987 4682 quales
1013 4599 1091 4664 lacti
1118 4621 1231 4664 sumus
1258 4602 1291 4664 in

386 4696 509 4763 lauacri
539 4697 691 4762 salutaris
721 4697 910 4763 felicissima
941 4701 1207 4782 regeneratione3
1242 4701 1291 4766 Ut

388 4804 458 4868 eius
473 4803 706 4867 incarnationis
718 4803 935 4868 medicamine
951 4805 1079 4876 imbuti,
1092 4807 1291 4870 sacrosancti

388 4901 509 4968 lauacri
532 4902 702 4998 ablutione
723 4902 794 4981 loti,
816 4903 1016 4986 parsimonie
1039 4904 1218 4968 deuotione
1239 4926 1289 4968 or·

422 5075 430 5105 ¹
445 5075 477 5126 0.
489 5091 514 5140 p.
528 5073 583 5136 306.
596 5075 622 5124 L

420 5153 431 5184 ¹
447 5165 473 5204 Α.
488 5153 558 5203 Dum
568 5151 744 5203 sanctificatus.

449 5249 485 5287 rs
500 5236 648 5286 Benedioem
659 5236 796 5287 dominum.

448 5327 473 5365 ι.
488 5315 586 5374 Uenite,
597 5314 651 5372 lilii,
664 5312 755 5364 audite.

448 5403 475 5442 v.
489 5393 609 5442 Acoedite
620 5392 652 5442 ad
663 5407 727 5442 eum.

449 5481 527 5522 trax.
543 5470 622 5520 Beata
632 5485 693 5535 gens
705 5469 782 5521 cuius.

449 5558 475 5597 v.
490 5547 575 5598 Uerbo
586 5547 682 5598 domini
694 5548 758 5598 caeli.

449 5637 492 5677 or.
507 5626 656 5685 Benedicite.
667 5634 761 5693 gentes.

927 5165 993 5206 cont.
1009 5154 1101 5205 Lutum
1113 5153 1172 5205 fecit
1180 5171 1210 5206 ex
1219 5162 1289 5220 puto.

927 5235 1293 5300 (mc.1.smcrificabonomen

997 5332 1087 5367 meum.

926 5405 986 5445 uc.
1001 5405 1030 5445 11.
1051 5393 1189 5453 Lauamini,
1206 5394 1293 5444 mundi

995 5480 1081 5522 estote.

925 5561 970 5600 rev,
986 5550 1124 5602 Preteriens
1136 5550 1239 5614 ihesus).

1727 561 1830 655 aaa
1856 563 1888 635 r.

1347 761 1426 838 nati,
1441 761 1485 826 ad
1505 771 1619 844 eterna
1638 761 1761 845 gaudia
1783 741 2014 844 perueniamus
2036 760 2141 845 inlesi.
2186 762 2249 827 Per

1345 859 1477 944 quem¹.

1642 945 1703 1010 Ad
1720 946 1950 1030 complendum.

1390 1071 1608 1140 Sacramenta
1641 1094 1717 1156 quae
1755 1073 1963 1157 sumpsimus,
1995 1069 2129 1138 domine
2165 1075 2246 1139 deus

1345 1183 1464 1248 noster,
1482 1182 1515 1237 et
1538 1171 1741 1254 spiritalibus
1764 1192 1823 1237 nos
1847 1171 1997 1256 repleant
2018 1172 2193 1253 alimentis,
2212 1184 2247 1239 et

1344 1271 1569 1355 corporalibus
1584 1281 1738 1337 tueantur
1751 1272 1892 1337 auxiliis.
1938 1272 2025 1337 Per!

1648 1430 1755 1512 Super
1769 1429 1934 1512 populum.

1389 1550 1528 1616 Pateant
1550 1571 1644 1615 aures
1666 1552 1899 1616 misericordiae
1921 1561 1998 1629 tuae,
2012 1550 2155 1626 domine,
2172 1571 2245 1632 pre-

1344 1650 1437 1714 cibus
1452 1649 1719 1734 supplicantium,
1737 1660 1770 1715 et
1792 1660 1829 1715 ut
1852 1652 2043 1733 petentibus
2058 1649 2247 1714 desiderata

1344 1750 1515 1829 concedas,
1531 1749 1583 1814 iac
1599 1770 1737 1833 eosque
1753 1749 1813 1815 tibi
1834 1759 1912 1814 sunt
1929 1749 2052 1833 placita
2069 1749 2245 1833 postulare.

1345 1848 1431 1912 Pers

1722 2062 1811 2135 serta
1830 2064 1870 2128 θ)

1572 2195 1633 2260 Ad
1650 2205 1797 2260 sanctum
1819 2197 2017 2261 siluestncm.

1387 2318 1522 2396 Praesta,
1545 2338 1733 2400 quesumus,
1756 2319 1967 2401 omnipotens
1989 2318 2080 2396 deus,
2103 2324 2141 2379 ur
2162 2336 2246 2399 quos

1342 2419 1455 2482 uotiua
1484 2418 1605 2482 ieiunia
1636 2417 1809 2501 castigant,
1840 2418 1911 2500 ipsa
1942 2437 2074 2499 quoque
2111 2416 2246 2480 deuotio

1343 2527 1457 2582 sancta
1481 2516 1635 2596 laetificet,
1658 2525 1696 2580 ut
1725 2517 1863 2582 terrenis
1892 2517 2065 2582 affectibus
2092 2516 2245 2598 mitigati,

1342 2616 1470 2681 facilius
1493 2615 1640 2681 caelestia
1662 2617 1839 2698 capiamus.
1888 2617 1950 2682 Per
1971 2616 2144 2682 dominum
2170 2635 2246 2678 nos·

1343 2725 1458 2780 trum.⁷

1724 2801 1863 2867 Secreta.

1388 2927 1529 2992 Purifica
1550 2947 1618 3006 nos,
1637 2926 1820 2993 misericors
1842 2929 1933 3004 deus,
1950 2936 1987 2992 ut
2010 2927 2156 2994 ecclesiae
2179 2939 2246 2994 tuae

1343 3047 1458 3111 preces
1470 3047 1545 3110 quae
1557 3027 1616 3092 tibi
1628 3038 1723 3111 grate
1735 3038 1821 3106 sunt,
1833 3030 1888 3110 pia
1901 3049 2037 3093 munera
2049 3029 2244 3106 deserentes,

1344 3126 1425 3191 fiant
1441 3127 1585 3209 expiatis
1602 3127 1768 3191 mentibus
1782 3128 1951 3210 gratiores.
1997 3128 2084 3192 Pera

1704 3277 1878 3358 Praefatio.

1388 3402 1483 3468 U.D.
1494 3412 1616 3465 aeteme
1626 3403 1716 3467 deus.
1742 3401 1843 3467 Cuius
1852 3401 2247 3469 bonitashominemcon·

1345 3506 2247 3586 didit,iustitiadamnauit,misericordiaredemit,tehu-

1346 3606 1467 3671 militer
1478 3625 1665 3685 exoramus,
1675 3614 1713 3670 ut
1725 3606 1809 3671 sicut
1821 3626 1881 3689 per
1892 3606 2033 3671 inlicitos
2046 3608 2215 3690 appetitus
2226 3627 2248 3671 a

1345 3708 1444 3771 beata
1460 3707 1593 3790 regione
1606 3707 1797 3786 decidimus,
1810 3709 1856 3772 sic
1870 3709 1914 3772 ad
1930 3718 2089 3773 aetemam
2105 3710 2246 3793 patriam

1345 3827 1404 3889 per
1425 3807 1661 3871 abstinentiam
1682 3807 1864 3871 redeamus.
1910 3807 2033 3890 Sicque
2057 3810 2247 3875 moderetur

1344 3916 1402 3971 tua
1418 3906 1629 3971 miseratione
1644 3916 1757 3971 nostra
1771 3906 1939 3990 fragilitas,
1949 3915 1986 3971 ut
2002 3917 2036 3972 et
2051 3909 2247 3972 transitoriis

1344 4005 1498 4070 subsidiis
1527 4016 1639 4071 nostra
1669 4016 1873 4071 sustentetur
1902 4007 2094 4086 mortalitas,
2125 4020 2159 4073 et
2188 4029 2248 4092 per

1343 4104 1505 4170 bonorum
1533 4126 1669 4188 operum
1697 4107 1899 4171 incrementa
1925 4107 2025 4172 beata
2054 4109 2247 4191 adquiratur

1344 4205 1572 4271 inmortalitas.
1618 4205 1681 4270 Per
1695 4205 1856 4271 christum
1871 4207 2044 4271 dominum
2063 4219 2211 4272 nostrum
2222 4207 2245 4272 ³.

1646 4373 1706 4436 Ad
1724 4372 1951 4457 complendum.

1388 4495 1543 4562 Caelestia
1573 4499 1662 4563 dona
1688 4500 1867 4582 capientes,
1889 4519 2077 4582 quesumus,
2101 4499 2245 4573 domine,

1344 4619 1410 4662 non
1432 4600 1475 4663 ad
1500 4599 1656 4662 iudicium
1679 4599 1852 4681 peruenire
1874 4599 2018 4683 patiaris,
2034 4600 2125 4684 quod
2141 4598 2246 4664 fideli·

1343 4701 1406 4764 bus
1421 4701 1487 4765 tuis
1502 4701 1545 4764 ad
1562 4701 1744 4764 remedium
1760 4699 1943 4782 prouidisti.
1988 4699 2075 4765 Pers

1674 4848 1736 4912 Ad
1745 4849 1910 4932 populum.

1390 4973 1507 5057 Populi
1532 4975 1589 5054 tui,
1612 4976 1704 5053 deus,
1722 4976 1891 5041 institutor
1913 4986 1947 5041 et
1970 4987 2086 5049 rector,
2110 4987 2246 5060 peccata

1376 5159 1385 5188 ¹
1401 5159 1433 5209 Ο.
1446 5175 1470 5225 p.
1484 5171 1540 5224 307.
1553 5161 1579 5210 7.

1377 5235 1387 5264 ’
1403 5249 1429 5287 Α.
1444 5237 1546 5287 Letetur
1557 5252 1606 5288 eor.

1405 5327 1440 5365 νε.
1456 5314 1622 5366 confitemini.

1403 5405 1429 5443 n.
1444 5393 1557 5459 Respice,
1570 5393 1678 5446 domine.

1403 5482 1430 5521 v,
1446 5473 1552 5536 Exurge,
1565 5473 1673 5524 domine

1402 5561 1445 5600 or.
1459 5549 1575 5612 Domine,
1586 5551 1761 5603 adiuuandum.

1374 5629 1385 5660 ⁸
1400 5628 1431 5679 0.
1443 5645 1468 5694 p
1480 5642 1537 5694 3⁰7·
1549 5630 1576 5682 z.
1590 5699 1592 5702 Ι

1880 5253 1947 5293 conr.
1955 5241 2071 5298 Domine,
2080 5241 2244 5293 memorabor.

1882 5320 1953 5383 (tre.
1968 5320 2043 5370 Venit
2065 5319 2154 5370 mulier
2175 5335 2247 5370 sune·

1952 5399 2027 5449 mitis.

1883 5487 1926 5527 rw.
1943 5476 2001 5527 Ibat
2014 5475 2118 5540 ihesus).
