5122 6610
759 589 807 677 ᾖ.
825 587 1024 676 sublatis
1122 652 1129 669 .

439 793 578 859 colimus
607 809 628 857 a
661 788 786 856 cunctis
817 789 912 855 malis
945 786 1194 855 imminentibus
1228 809 1341 854 eorum
1374 787 1377 796 ’

440 890 725 960 intercessionibus
740 889 926 956 liberemur.
971 888 1040 957 Per.

446 597 513 666 162
594 654 601 670 .

824 1062 964 1129 Secreta.

484 1184 683 1249 Sanctorum
715 1189 846 1245 tuonrm
880 1179 985 1259 nobis,
1015 1177 1161 1258 domine,
1191 1179 1246 1264 pia
1276 1200 1342 1245 non

440 1283 527 1348 desit
549 1281 664 1360 oratio,
679 1299 754 1363 quae
777 1289 811 1344 et
834 1299 971 1346 munera
993 1289 1104 1344 nostra
1126 1281 1287 1359 conciliet,
1309 1288 1343 1345 et

440 1393 532 1448 tuam
547 1381 642 1447 nobis
657 1380 896 1464 indulgentiam
912 1400 1042 1464 semper
1052 1380 1211 1445 obtineat.
1246 1380 1332 1447 Per!

800 1555 975 1639 Prcefatio.

486 1683 531 1748 U.
563 1681 606 1747 D.
638 1691 760 1746 aeteme
789 1680 879 1747 deus.
932 1682 979 1746 Et
1008 1680 1219 1747 clementiam
1249 1690 1342 1745 tuam

440 1783 633 1868 suppliciter
647 1802 794 1857 exorare,
817 1791 854 1846 ut
877 1801 952 1847 cum
976 1780 1204 1846 exultantibus
1220 1782 1342 1846 sanctis

440 1884 474 1947 in
500 1883 641 1947 caelestis
667 1881 758 1965 regni
784 1880 946 1946 cubilibus
975 1881 1098 1963 gaudia
1127 1891 1240 1946 nostra
1266 1900 1342 1945 con·

441 1985 567 2067 iungas,
580 1982 627 2046 Et
642 2001 726 2065 quos
741 1981 872 2046 uirtutis
888 1980 1074 2045 imitatione
1089 2001 1155 2044 non
1166 1999 1343 2064 possumus

441 2083 544 2166 sequi,
569 2083 682 2165 debite
708 2081 929 2146 uenerationis
955 2079 1186 2163 contingamus
1212 2078 1342 2145 affectu.

443 2182 505 2246 Per
520 2181 681 2247 christum
692 2179 713 2246 ¹.

742 2266 804 2330 Ad
813 2265 1041 2350 compkndum.

488 2393 653 2477 Protegat,
682 2393 824 2468 domine,
848 2410 1036 2476 quesumus,
1063 2391 1222 2474 populum
1248 2399 1343 2455 tuum

443 2501 476 2557 et
502 2492 710 2577 participatio
735 2490 876 2558 caelestis
902 2491 1031 2556 indulta
1056 2491 1207 2569 conuiuii,
1230 2499 1263 2558 et
1286 2491 1344 2556 de-

442 2592 589 2675 precatio
604 2592 724 2658 collata
739 2601 937 2659 sanctorum.
981 2591 1067 2658 Pers

462 2840 537 2910 llllli.
551 2841 611 2908 ital.
624 2845 679 2908 stt.
709 2841 863 3015 hehhattlg
870 2845 881 2881 ²
894 2841 1037 3003 hazss'tm'
1052 2842 1148 2909 sancti
1160 2839 1324 2920 michahelis

798 2954 832 3002 ar
865 2940 959 3018 anc'
979 2985 988 3006 .

486 3071 602 3148 Deus,
619 3085 686 3150 Qur
711 3086 806 3137 nmo
826 3084 971 3136 onoma
994 3085 1229 3138 suessonum
1248 3071 1344 3136 mint-

442 3173 542 3238 steria
561 3172 801 3256 hominumque
818 3173 999 3256 dispensas,
1017 3173 1162 3238 concede
1184 3172 1345 3257 propitius

442 3281 479 3338 ut
509 3271 628 3355 quibus
657 3271 720 3337 tibi
750 3271 1010 3338 ministrantibus
1039 3272 1073 3336 in
1106 3271 1188 3337 caelo
1215 3292 1345 3356 semper

370 3417 379 3450 ,.
442 3372 612 3451 assistitur,
634 3371 678 3436 ab
702 3371 753 3436 his
775 3371 809 3436 in
831 3380 918 3438 terra
942 3381 1054 3438 nostra
1077 3372 1147 3437 uita
1169 3373 1344 3438 muniatur.

443 3471 506 3537 Per
520 3472 717 3537 dominum.t

776 3571 885 3654 Super
898 3570 1014 3636 oblata.

488 3693 627 3759 Hostias
656 3693 726 3773 tibi,
752 3693 894 3773 domine,
925 3693 1033 3758 laudis
1062 3691 1237 3774 offerimus,
1266 3714 1344 3778 sup-

443 3792 573 3877 pliciter
583 3795 809 3876 deprecantes,
819 3802 856 3857 ut
868 3794 1003 3858 easdem
1016 3793 1165 3878 angelico
1177 3812 1237 3877 pro
1248 3794 1345 3858 nobis

443 3893 682 3957 interueniente
696 3890 851 3976 suffragio
866 3901 901 3958 et
916 3893 1066 3978 placatus
1081 3893 1233 3977 accipias,
1252 3903 1285 3958 et
1300 3894 1343 3958 ad

444 3991 583 4056 salutem
600 4000 747 4057 nostram
763 3992 937 4076 prouenire
951 3993 1122 4058 concedas.
1167 3991 1253 4058 Per.t

804 4172 977 4254 Prcefatio.

489 4296 534 4362 U.
555 4294 598 4359 D.
621 4304 745 4360 aeterne
767 4295 857 4362 deus.
901 4291 1019 4364 Sancti
1037 4297 1229 4365 michahelis
1251 4300 1344 4366 arch·

442 4394 551 4479 angeli
568 4395 685 4459 merita
700 4395 917 4478 predicantes.
962 4398 1124 4482 Quamuis
1144 4399 1234 4463 enirn
1249 4401 1344 4466 nobis

442 4496 485 4561 sit
501 4495 610 4560 omnis
629 4495 780 4578 angelica
798 4500 986 4563 ueneranda
1002 4497 1197 4578 sublimitas,
1215 4520 1289 4584 quae
1310 4501 1344 4565 in

443 4591 625 4662 maiestatis
657 4602 715 4678 tue
744 4596 895 4663 consistit
928 4607 1114 4682 conspectu,
1145 4599 1202 4664 illa
1230 4609 1344 4666 tamen

444 4705 496 4762 est
521 4695 715 4779 propensius
740 4695 941 4778 honoranda,
964 4719 1039 4781 quae
1063 4699 1097 4763 in
1126 4699 1196 4764 eius
1222 4701 1345 4765 ordinis

443 4796 606 4880 dignitate
638 4795 779 4862 caelestis
809 4798 935 4863 militiae
965 4799 1083 4864 meruit
1115 4800 1344 4885 principatum.

446 4898 509 4988 Per
523 4896 680 4962 christum
689 4894 713 4962 ⁴.

986 5088 1020 5124 ’θ
1036 5089 1066 5140 In
1077 5089 1235 5142 ueneratione
1246 5090 1277 5143 ll.

951 5178 995 5218 ον,
1006 5167 1081 5218 Stetit
1092 5169 1203 5234 angelus

951 5257 994 5296 co.
1007 5245 1156 5298 Benedicite.

953 5326 1006 5390 (aa.
1018 5323 1173 5390 significauit
1184 5323 1251 5376 deus.

950 5415 995 5457 av,
1007 5404 1170 5454 Accesserant
1183 5403 1299 5470 discipuli
1313 5404 1346 5455 ad

1048 5480 1165 5546 ihesum).

478 5088 487 5119 ¹
502 5089 535 5141 0·
547 5105 572 5154 n·
584 5099 640 5153 aar·
652 5088 680 5140 z·

476 5166 487 5196 ¹
503 5177 529 5216 Α.
540 5165 682 5216 Benedicite
692 5163 829 5220 dominam.

503 5255 541 5295 as,
550 5244 665 5305 Benedic,
677 5244 768 5294 anima

503 5334 530 5373 a.
542 5321 685 5373 Benedidte
696 5321 833 5374 dominum.

503 5411 529 5450 v.
538 5395 655 5462 Benedie,
667 5399 757 5452 anima.

504 5489 548 5528 n.
561 5477 602 5540 (n
615 5480 759 5544 muntem)

503 5554 648 5622 Confitehor
659 5556 714 5607 tibi.

477 5635 536 5687 ⁴0.
547 5651 572 5702 p.
584 5645 645 5700 3375
655 5636 688 5688 ll.
700 5635 743 5689 iol
753 5649 798 5687 rra
810 5638 836 5688 b.
848 5637 875 5691 Z.

1711 586 1759 673 ᾗ.
1777 587 1982 682 blamont.

1698 785 1760 852 Ad
1770 785 1997 870 comphndum.

1439 909 1535 976 Beati
1561 909 1750 995 archangeli
1775 911 1824 977 tui
1848 909 2039 978 michahelis
2065 909 2298 980 intercessione

1395 1012 1519 1077 suffulti
1534 1012 1698 1096 supplices
1713 1021 1758 1091 te,
1768 1011 1913 1088 domine,
1925 1012 2150 1096 deprecamur,
2162 1022 2200 1078 ut
2209 1033 2298 1097 quos

1395 1112 1520 1178 honore
1559 1111 1789 1196 prosequimur
1830 1111 2062 1195 contingamus
2100 1120 2134 1177 et
2176 1121 2296 1180 mente.

1396 1213 1483 1278 Per.⁷

1730 1295 1958 1382 Adpopulum.

1439 1425 1495 1490 Da
1521 1425 1625 1504 nobis,
1648 1423 1861 1507 omnipotens
1883 1424 1974 1502 deus,
1996 1423 2087 1488 beati
2109 1423 2296 1509 archangeli

1395 1523 1587 1591 michahelis
1607 1533 1743 1589 eotenus
1765 1522 1890 1588 honore
1912 1523 2079 1607 proficere,
2094 1533 2131 1588 ut
2150 1523 2241 1589 cuius
2263 1523 2297 1588 in

1394 1624 1490 1690 terris
1498 1623 1638 1710 gloriam
1648 1622 1855 1706 predicamus
1865 1622 1934 1688 eius
1944 1623 2096 1706 precibus
2104 1624 2298 1691 adiuuemur

1395 1725 1429 1789 in
1445 1723 1546 1789 caelis.
1592 1723 1655 1788 Per
1663 1721 1685 1787 ¹.

1730 1807 1793 1873 Ad
1807 1819 1961 1892 uesperos.

1439 1924 1541 2004 Deus,
1556 1921 1612 2007 qui
1628 1942 1687 2006 per
1700 1921 1928 1988 beatissimum
1950 1919 2186 2006 archangelum
2202 1932 2296 1988 tuum

1396 2022 1615 2089 michahelem
1627 2022 1793 2087 orationes
1806 2021 1954 2085 omnium
1970 2021 2118 2086 fidelium
2134 2023 2297 2108 suscipere

1396 2144 1431 2189 es
1453 2123 1619 2206 dignatus,
1642 2121 1786 2205 petimus
1808 2120 2019 2185 clementiam
2037 2129 2139 2198 tuam,
2159 2131 2193 2186 et
2215 2142 2298 2205 quas

1396 2223 1430 2288 in
1445 2223 1508 2288 hoc
1523 2220 1650 2304 templo
1665 2241 1726 2304 pro
1749 2220 1870 2284 nostris
1884 2219 2083 2286 facinoribus
2098 2220 2298 2287 effundimus

1396 2343 1518 2406 preces,
1531 2331 1567 2388 tu
1579 2321 1720 2404 benigne
1731 2320 1870 2403 suscipe,
1880 2328 1914 2385 et
1926 2328 1998 2385 esto
2009 2321 2181 2405 propitius.
2204 2321 2297 2387 Per².

1439 2583 1492 2650 llll.
1506 2582 1566 2651 lul.
1580 2583 1632 2649 att
1661 2582 1773 2648 Natalr
1787 2581 1883 2647 sardi
1895 2580 2044 2658 thrurtmt
2056 2582 2214 2665 perehgtrtt
2227 2591 2256 2649 et

1748 2679 1952 2746 marimum

1440 2815 1573 2891 Praesta,
1598 2833 1784 2898 quesumus,
1811 2811 2022 2896 omnipotens
2052 2820 2087 2878 et
2116 2812 2298 2879 misericors

1396 2917 1485 2998 deus,
1500 2927 1546 2995 ut,
1560 2917 1785 2983 intercedente
1800 2916 1899 2982 beato
1914 2915 2097 2983 hieronimo
2112 2916 2297 2983 consessore

1396 3028 1465 3094 tuo,
1480 3025 1515 3084 et
1528 3037 1550 3081 a
1569 3017 1696 3082 cunctis
1714 3015 1971 3081 aduersitatibus
1986 3016 2162 3082 liberemur
2179 3017 2213 3080 in
2227 3037 2298 3084 cor-

1395 3138 1485 3200 pore,
1512 3124 1547 3183 et
1572 3137 1593 3181 a
1617 3115 1728 3200 prauis
1755 3116 2013 3200 cogitationibus
2042 3118 2240 3184 mundemur
2263 3119 2297 3182 in

1397 3225 1521 3284 mente.
1565 3214 1636 3284 Per.

1776 3302 1915 3370 Secreta.

1441 3419 1634 3488 Muneribus
1659 3419 1788 3498 nostris,
1812 3421 1955 3500 domine,
1981 3440 2168 3503 quesumus,
2195 3421 2298 3504 preci·

1397 3521 1525 3604 busque
1551 3520 1720 3603 susceptis,
1742 3519 1967 3584 intercedente
1989 3519 2090 3584 beato
2116 3518 2298 3584 hieronimo

1397 3620 1582 3687 confessore
1597 3630 1664 3699 tuo,
1677 3627 1711 3685 et
1726 3619 1901 3684 celestibus
1916 3639 1977 3684 nos
1996 3619 2119 3685 munda
2134 3620 2299 3702 mysteriis

1398 3729 1432 3786 et
1449 3720 1629 3785 clementer
1645 3720 1778 3784 exaudi.
1823 3719 1887 3784 Per
1895 3717 1918 3782 ⁴.

1697 3879 1758 3945 Ad
1768 3879 1996 3964 complendum.

1441 4006 1638 4091 Quesumus,
1672 4005 1816 4086 domine,
1845 4005 2044 4070 salutaribus
2081 4004 2197 4088 repleti
2227 4025 2298 4088 my·

1396 4108 1511 4186 steriis,
1534 4116 1572 4173 ut
1593 4107 1698 4172 sancti
1720 4103 1915 4171 confessoris
1937 4105 1985 4170 tui
2003 4104 2186 4182 hieronimi,
2205 4106 2297 4170 cuius

1429 4309 1437 4340 ¹
1454 4310 1524 4361 Pam.
1535 4326 1560 4375 p.
1573 4321 1621 4374 343
1629 4324 1637 4371 5
1653 4323 1700 4358 om.
1708 4309 1740 4359 ll.

1428 4387 1439 4417 ¹
1455 4401 1474 4439 4
1481 4387 1578 4438 Adesto
1588 4386 1656 4451 plebi
1667 4393 1724 4449 tuae,
1737 4385 1876 4436 misericors
1893 4382 1926 4443 d..
1938 4389 1963 4436 et
1974 4390 2002 4434 ut
2019 4383 2107 4450 gratiae
2117 4389 2167 4436 tuae
2177 4381 2299 4435 beneficia

1396 4467 1496 4532 potiora
1512 4464 1640 4531 suscipiat,
1652 4464 1720 4515 beati
1732 4463 1880 4514 michahelis
1893 4463 2044 4528 archangeli,
2057 4463 2096 4514 fac
2107 4463 2244 4529 supplicem
2255 4463 2297 4514 de·

1396 4543 1580 4610 precationibus
1590 4541 1724 4593 subleuari.
1758 4541 1813 4594 Per.
1830 4542 1858 4592 Z.

1428 4621 1439 4652 ¹
1454 4633 1481 4672 Α.
1491 4621 1527 4672 Os
1539 4619 1596 4670 iusti
1607 4619 1776 4672 meditabitur.

1453 4711 1491 4751 es.
1502 4698 1564 4750 Noli
1576 4697 1690 4750 emulari.

1454 4791 1480 4829 a„
1491 4778 1587 4828 iurauit
1598 4777 1722 4828 dominas.

1454 4868 1480 4906 v.
1492 4856 1563 4907 Dixit
1574 4855 1698 4907 dommus

1429 4934 1440 4966 ⁴
1455 4935 1511 4987 Gel.
1522 4950 1548 5000 p.
1560 4933 1657 4998 623.1n
1669 4937 1804 4984 consecrat.
1816 4931 1958 4998 presbyteri

1437 5027 1456 5066 ψ
1469 5015 1537 5079 Pres.
1553 5012 1587 5065 U.
1602 5012 1637 5065 D.
1656 5018 1746 5062 aeterne
1761 5012 1830 5061 deus.
1870 5010 1922 5075 Qul
1943 5009 2053 5061 ecclesiae
2072 5015 2122 5061 tuse
2144 5008 2211 5060 tilios
2230 5009 2297 5062 beati

1397 5091 1509 5145 ieronimi
1521 5090 1582 5142 lacis
1592 5089 1713 5140 doctrinis
1722 5089 1811 5152 imbui,
1821 5095 1868 5140 etc.
1882 5087 1992 5154 [erased]
2004 5088 2036 5139 ll.
2048 5087 2091 5140 rol.
2104 5101 2149 5151 ιη
2161 5103 2184 5137 a.

1429 5171 1546 5220 Postcom.
1562 5167 1662 5236 Repleti
1673 5167 1792 5218 alimonia
1804 5165 1896 5226 celesti,
1908 5181 2047 5234 quesumus,
2059 5166 2168 5228 domiue,
2181 5171 2217 5224 at,
2225 5166 2298 5217 inter·

1397 5247 1498 5298 cedente
1509 5246 1585 5297 beato
1595 5246 1716 5297 ieronimo
1734 5245 1872 5297 consessore
1889 5251 1941 5304 tuo,
1952 5243 2121 5296 misericordie
2133 5250 2175 5295 tue
2190 5243 2297 5310 gutiam

1397 5325 1514 5392 consequi
1526 5339 1670 5374 mereamur.
1702 5322 1756 5374 Per.
1773 5323 1812 5375 Ib.

1430 5404 1455 5454 A
1464 5402 1576 5454 different
1587 5402 1657 5452 Mass
1668 5415 1754 5453 occurs
1766 5401 1791 5451 iu
1799 5401 1831 5451 ll.
1843 5399 1942 5465 iol125
1954 5402 1979 5461 b,
1992 5400 2019 5453 Z.
2031 5399 2076 5453 iol.
2088 5413 2136 5466 104
2146 5415 2178 5452 a:

1529 5482 1589 5533 Coll.
1606 5481 1631 5532 S.
1644 5480 1776 5531 hieromini
1787 5495 1841 5539 uos,
1853 5479 1916 5537 dne..
1926 5486 1974 5531 etc.

1527 5561 1577 5612 Sec.
1594 5558 1677 5610 Nobis
1688 5557 1731 5610 fiat
1742 5557 1932 5625 supplicatione,
1944 5563 1992 5609 etc.

1527 5639 1605 5690 Poste.
1622 5636 1734 5700 Exrrltat,
1746 5635 1811 5697 dne..
1822 5635 1930 5704 populus
1941 5641 2006 5694 tuas,
2017 5641 2066 5688 ete

1901 4630 1946 4670 AL.
1957 4618 2041 4669 Iustus
2052 4617 2211 4684 germinabit.

1902 4708 1945 4748 or.
1957 4695 2057 4748 Ueritas
2067 4711 2131 4747 mea

1902 4786 1945 4826 co,
1957 4773 2051 4827 Fidelis
2061 4789 2153 4828 seruas
