5124 6608
565 594 685 671 damu
711 595 859 682 luisse.

312 793 421 880 Quam
443 793 649 860 oblationem
672 795 830 872 tudens,
854 795 887 860 in
905 794 1070 922 onpnibus
1086 815 1166 878 que·

271 945 388 1000 sumus,
404 880 616 988 benddictam
627 922 648 1002 ¹,
662 879 865 1009 adbcriptam
874 922 896 1003 ¹,
911 933 1018 988 ratam
1028 921 1055 999 ¹,
1067 923 1166 988 ratio·

271 1024 420 1099 nabilem,
457 1021 765 1106 acceptabilemque
801 1023 908 1088 facere
945 1023 1098 1106 digneris,
1129 1033 1166 1086 ut

270 1151 361 1216 nobis
381 1149 523 1233 corpus³
539 1159 572 1215 et
591 1151 725 1232 sanguis
741 1150 799 1216 fiat
822 1150 1024 1215 dilectissimi
1044 1150 1102 1215 filii
1118 1151 1166 1215 tui

270 1251 391 1316 domini
407 1249 485 1315 dei⁴
500 1252 603 1317 nostri
621 1252 712 1316 ihesu
729 1252 848 1318 christi.
1160 1313 1166 1326 ‚

311 1351 377 1434 Qui
400 1353 506 1434 pridie
526 1372 627 1435 quam
647 1363 817 1436 pateretur
838 1354 966 1437 accepit
988 1374 1109 1436 panem
1134 1355 1166 1419 in

270 1461 399 1516 sanctas
421 1472 461 1516 ac
483 1447 686 1517 uenerabiles
708 1474 825 1519 manus
847 1475 932 1530 suas,
954 1455 1008 1519 et⁶
1031 1454 1167 1520 eleuatis

269 1552 370 1617 oculis
389 1553 423 1616 in
439 1552 557 1618 caelum
572 1555 615 1618 ad
631 1563 666 1618 te
681 1556 781 1618 deum
797 1564 925 1637 patrem
949 1575 1044 1619 suum
1061 1555 1167 1619 omni-

269 1639 448 1735 potentem,
464 1652 525 1716 tibi
540 1652 664 1736 gratias
679 1673 790 1736 agens,
808 1655 1049 1733 bene÷dixit⁰,
1061 1653 1166 1737 fregit,

269 1752 360 1815 dedit
368 1750 536 1835 discipulis
548 1754 615 1816 suis
627 1752 749 1830 dicens,
758 1751 913 1837 Accipite
923 1762 957 1818 et
969 1755 1167 1819 manducate

269 1872 312 1916 ex
326 1850 391 1916 hoc
410 1871 535 1929 omnes
549 1850 613 1917 hoc
629 1861 679 1916 est
695 1853 805 1916 enim⁷
824 1872 942 1935 corpus
958 1872 1078 1917 meum.

311 1949 419 2016 Simili
441 1951 542 2014 modo
563 1949 804 2035 posteaquam¹
821 1960 984 2016 caenatum
1006 1960 1067 2028 est,
1083 1952 1167 2016 acci·

269 2049 361 2132 piens
384 2058 418 2114 et
441 2049 529 2115 hunc
552 2049 735 2132 preclarum
758 2050 895 2114 calicem
918 2052 951 2114 in
974 2060 1105 2115 sanctas
1127 2072 1166 2116 ac

269 2149 471 2213 uenerabiles
495 2171 611 2214 manua
633 2171 719 2229 suas,
744 2151 825 2215 item
847 2151 909 2214 tibi
923 2150 1046 2233 gratias
1064 2171 1166 2233 agens

269 2233 440 2342 benedixit
449 2277 470 2355 ¹,
486 2276 579 2344 dedit
593 2277 762 2360 discipulis
784 2277 860 2355 suis,
877 2279 998 2357 dicens,
1012 2276 1167 2361 Accipite

270 2387 303 2442 et
324 2377 429 2442 bibite
451 2398 496 2441 ex
519 2398 558 2440 eo
580 2397 704 2456 omnes,
721 2378 788 2441 Hic
809 2385 859 2442 est
878 2378 967 2440 enim
982 2377 1070 2442 calix
1092 2399 1166 2441 san-

269 2476 376 2563 guinis
391 2476 466 2553 mei,
483 2477 560 2541 noui
576 2485 611 2540 et
628 2477 742 2541 aeterni
765 2477 967 2551 testamenti,
985 2477 1165 2541 misterium

269 2575 354 2653 fidei,
377 2576 433 2659 qui
456 2596 518 2658 pro
540 2575 635 2640 uobis
658 2584 691 2639 et
714 2596 774 2659 pro
796 2576 908 2641 multis
931 2577 1118 2641 effundetur
1133 2578 1166 2643 in

270 2675 496 2740 remissionem
511 2685 732 2758 peccatorum.

313 2774 396 2838 Haec
414 2774 713 2858 quotienscumque
731 2775 874 2841 feceritis
896 2775 930 2839 in
952 2775 1017 2840 mei
1040 2796 1165 2840 memo-

270 2873 352 2938 riam
374 2872 510 2938 facietis.
556 2873 657 2938 Unde
668 2872 693 2911 ¹⁰
708 2883 742 2938 et
765 2895 928 2940 memores
937 2873 970 2952 ¹¹,
989 2876 1124 2940 domine
1134 2873 1166 2955 ¹¹,

270 2994 330 3038 nos
350 2973 399 3038 tui
422 2974 517 3045 serui,
533 2974 592 3037 sed
616 2983 649 3038 et
671 2975 767 3057 plebs
790 2983 848 3039 tua
870 2983 985 3039 sancta
996 2973 1033 3052 ¹³,
1054 2974 1166 3039 christi

270 3073 328 3136 filii
351 3072 399 3136 tui
422 3072 549 3137 domini
573 3073 627 3136 dei
650 3074 752 3138 nostri
775 3083 845 3138 tam
868 3073 967 3155 beate
997 3075 1166 3155 passionis,

270 3192 395 3237 necnon
411 3183 445 3236 et
459 3171 502 3237 ab
514 3169 626 3236 inferis
642 3173 896 3250 resurrectionis,
906 3172 964 3236 sed
977 3182 1011 3237 et
1024 3175 1056 3236 in
1068 3173 1167 3238 caelos

269 3272 411 3354 gloriose
425 3271 634 3348 ascensionis,
650 3273 817 3354 offerimus
833 3271 988 3355 praeclare
1003 3272 1167 3336 maiestati

269 3411 335 3464 tuae
362 3399 405 3464 de
436 3399 502 3464 tuis
528 3401 624 3465 donis
650 3421 688 3466 ac
719 3399 814 3479 datis,
837 3356 1018 3464 hosliam¹⁴
1040 3420 1167 3483 puram,

269 3485 411 3593 hosliam
434 3537 592 3606 sanctam,
615 3484 759 3594 hosliam
782 3527 1026 3608 inmaculatam,
1047 3547 1169 3611 panem

269 3668 419 3722 sanctum
431 3657 509 3721 uitae
521 3664 652 3732 aeterne,
666 3667 699 3722 et
711 3611 847 3723 calicem
860 3657 975 3723 salutis
990 3664 1168 3741 perpetuae.

272 3754 379 3839 Supra
404 3777 478 3840 quae
505 3757 648 3840 propitio
671 3777 710 3822 ac
739 3778 857 3823 sereno
885 3759 979 3822 uultu
1010 3757 1169 3839 respicere

269 3855 421 3940 digneris,
458 3867 492 3922 et
529 3867 667 3939 accepta
706 3857 829 3922 habere
866 3857 961 3922 sicuti
971 3855 997 3894 ¹⁶
1034 3868 1169 3940 accepta

270 3953 392 4019 habere
402 3955 427 3994 ¹⁵
458 3957 615 4039 dignatus
647 3977 682 4020 es
713 3977 850 4021 munera
879 3958 971 4040 pueri
1008 3959 1056 4022 tui
1094 3959 1171 4022 iusti

271 4054 358 4131 abel,
373 4066 408 4120 et
426 4056 623 4121 sacrificium
646 4057 840 4139 patriarchae
864 4058 965 4121 nostri
989 4057 1121 4140 abrahe,
1138 4069 1172 4124 et

270 4155 359 4237 quod
388 4155 449 4221 tibi
476 4156 599 4221 obtulit
622 4177 772 4222 summus
801 4156 956 4223 sacerdos
984 4165 1060 4222 tuus
1091 4159 1172 4223 mel·

270 4253 445 4321 chisedech
462 4263 612 4320 sanctum
625 4256 829 4335 sacrificium,
840 4256 1085 4322 immaculatam
1097 4259 1173 4324 hos-

272 4354 361 4419 tiam.

312 4452 490 4537 Supplices
513 4462 548 4519 te
571 4475 734 4539 rogamus,
750 4456 962 4541 omnipotens
981 4458 1072 4534 deus,
1095 4457 1173 4523 iube

271 4555 340 4620 haec
366 4555 501 4638 perferri
527 4577 586 4639 per
614 4577 732 4621 manus
757 4558 899 4622 sancti¹⁶
925 4561 1035 4645 angeli
1065 4561 1112 4625 tui
1139 4561 1172 4624 in

271 4656 410 4722 sublime
425 4657 531 4722 altare
552 4669 647 4724 tuum
670 4661 704 4723 in
722 4671 899 4743 conspectu
922 4662 1034 4746 diuine
1056 4664 1173 4727 maies-

272 4920 383 4972 hibemus
395 4921 491 4986 pietati,
500 4927 528 4970 ut
539 4935 583 4985 per
591 4920 646 4972 haec
657 4927 741 4972 sancta
752 4923 869 4988 mysteria
879 4924 912 4973 ab
924 4925 1039 4975 omnibus
1051 4925 1174 4977 absolutae

273 5002 386 5064 peccatis,
401 5007 498 5050 aeteruae
509 5000 671 5051 beatitudinis
679 5001 813 5066 participes
824 5001 966 5053 efficiantur.
986 5004 1034 5054 Per
1045 5003 1173 5054 christum.

304 5157 312 5186 ¹
332 5158 386 5209 Om.
398 5157 534 5207 crossesV.
633 5156 644 5185 ¹
664 5159 799 5223 Transpose
811 5159 843 5209 X.
941 5159 951 5190 ¹
970 5161 1024 5210 Om.
1036 5176 1129 5211 moeses
1141 5161 1173 5212 V.

303 5233 313 5264 ¹
330 5235 384 5286 Om.
397 5235 430 5286 X.
442 5234 475 5284 Υ.
572 5235 582 5266 ¹
601 5235 656 5287 Om.
669 5235 696 5285 Z.
806 5237 817 5267 ⁸
839 5251 858 5288 κ
872 5253 902 5288 ac
914 5237 946 5288 X.
956 5239 998 5298 V.,
1008 5254 1054 5290 om.
1067 5255 1134 5288 cross
1146 5240 1174 5290 Z.

303 5310 314 5340 ¹
331 5313 385 5362 Ona.
397 5312 430 5363 Υ.
538 5313 549 5343 ⁸
565 5321 698 5378 postquam
710 5313 773 5365 Bou
784 5314 816 5366 Υ.
933 5317 944 5347 ¹
962 5318 1017 5367 Om.
1026 5333 1093 5368 cmss
1102 5317 1134 5369 V.
1147 5319 1173 5368 Z.

304 5389 323 5420 ¹⁸
338 5391 367 5439 ln
380 5389 443 5440 Bod.
454 5390 487 5438 V.
499 5386 532 5439 X.
544 5391 571 5442 Z.
583 5391 626 5441 the
637 5407 693 5442 new
704 5392 845 5460 paragraph
857 5394 945 5458 begins
957 5394 1022 5445 here.
1105 5395 1125 5425 ¹¹
1148 5411 1167 5449 ÷

275 5481 353 5517 sumus
364 5468 397 5517 V.
409 5468 436 5520 Z.
477 5465 496 5496 ¹¹
518 5482 537 5517 κ
553 5483 636 5518 sumus
649 5470 680 5520 V.
725 5469 743 5501 ¹⁸
766 5485 785 5523 ÷
800 5471 911 5520 eiusdem
923 5472 956 5521 X.
966 5473 997 5525 Υ.
1010 5474 1037 5522 Z.
1082 5473 1101 5502 ¹¹
1118 5475 1173 5526 Om.

275 5562 363 5598 crosses
375 5547 408 5600 V.
470 5547 519 5586 ¹⁸·¹¹
537 5549 592 5599 Om.
604 5549 629 5598 in
642 5549 748 5616 orIgiual
760 5555 819 5611 text,
831 5551 878 5600 but
888 5551 969 5601 added
981 5552 1061 5604 above
1073 5551 1115 5604 the
1124 5552 1174 5604 line

276 5625 344 5688 byau
355 5625 424 5692 early
434 5625 502 5676 haud
514 5625 540 5675 in
551 5625 614 5678 Bod.
627 5627 659 5678 X.
759 5628 778 5659 ¹¹
796 5629 851 5681 Ona.
863 5628 926 5682 Bod.
940 5630 972 5680 V.

1519 593 1640 668 &aar
1666 594 1815 677 Musa.
2068 597 2113 668 61

1217 794 1298 860 tatis
1312 802 1388 874 tuae,
1407 801 1444 858 ut
1462 793 1636 878 quodquot
1656 815 1700 859 ex
1721 793 1785 857 hac
1807 791 1919 857 altaris
1941 794 2116 877 participa-

1218 924 1309 988 tione
1333 931 1577 986 sacrosanctum
1604 922 1662 986 filii
1688 922 1737 985 tui
1763 877 1902 1004 cdrpus¹
1925 931 1960 986 et
1985 879 2117 1006 sangui·

1219 1022 1316 1087 nem¹
1344 1023 1589 1105 sumpserimus,
1617 1022 1707 1087 omni
1734 1020 1967 1085 benedictione
1993 1020 2116 1084 caelesti

1219 1133 1253 1187 et
1268 1123 1374 1204 gratia
1393 1123 1587 1206 repleamur,
1601 1143 1661 1206 per
1676 1119 1841 1187 eundem¹
1856 1121 2014 1186 christum
2028 1121 2051 1184 ³.

1263 1221 1459 1287 Memento¹
1492 1223 1602 1296 etiam,
1633 1221 1777 1299 domine,
1806 1219 2004 1284 famulorum
2015 1219 2038 1296 ⁵,
2070 1220 2117 1283 fa·

1219 1322 1450 1404 malarumque
1478 1329 1618 1398 tuarum,
1645 1320 1774 1384 illorum
1805 1328 1839 1383 et
1867 1319 1997 1383 illarum
2008 1319 2030 1396 ⁶,
2060 1320 2117 1400 qui

1219 1441 1279 1486 nos
1294 1432 1531 1504 praecesserunt
1546 1441 1621 1484 cum
1638 1421 1731 1503 signo
1749 1419 1834 1493 fidei,
1851 1428 1885 1483 et
1900 1419 2067 1483 dormiunt
2084 1419 2117 1482 in

1219 1541 1336 1585 somno
1364 1521 1464 1603 pacis.
1511 1519 1618 1602 Ipsis⁶
1645 1529 1679 1583 et
1705 1519 1868 1596 omnibus,
1894 1518 2059 1594 domine¹,
2084 1519 2117 1581 in

1218 1619 1340 1683 christo
1361 1618 1606 1703 quiescentibus
1615 1615 1637 1694 ⁸,
1662 1617 1770 1682 locum
1792 1617 1955 1702 refrigerii,
1974 1618 2064 1694 lucis,
2081 1630 2115 1683 et

1218 1721 1317 1803 pacis,
1348 1729 1385 1784 ut
1418 1720 1601 1802 indulgeas,
1632 1719 1856 1802 deprecamur,
1886 1741 1945 1803 per
1973 1721 2117 1784 eundem

1218 1820 1398 1886 christum¹
1413 1819 1427 1857 ⁴
1447 1819 1482 1885 ¹⁰.

1260 1920 1369 1984 Nobis
1398 1940 1531 2003 quoque
1561 1919 1789 2002 peccatoribus
1815 1917 1947 1982 famulis
1976 1919 2050 1993 tuis,
2074 1919 2117 1981 de

1219 2020 1430 2085 multitudine
1460 2019 1709 2084 miserationum
1743 2028 1874 2084 tuarum
1908 2019 2117 2101 sperantibus

1216 2130 1346 2203 partem
1371 2120 1516 2203 aliquam
1544 2129 1578 2184 et
1604 2120 1796 2184 societatem
1823 2120 1946 2185 donare
1974 2119 2118 2201 digneris

1217 2239 1293 2283 cum
1309 2220 1374 2284 tuis
1389 2221 1511 2286 sanctis
1527 2219 1687 2303 apostolis
1701 2240 1740 2284 ac
1750 2217 1774 2257 ¹¹
1791 2219 2002 2300 martyribus.
2031 2217 2116 2282 Cum

1218 2318 1366 2392 iohanne,
1398 2317 1581 2401 Stephano,
1610 2317 1750 2394 Mathia,
1781 2317 1943 2393 Barnaba,
1975 2318 2116 2402 ignatio,

1217 2417 1425 2494 Alexandro,
1459 2418 1661 2497 Marcellino,
1689 2417 1796 2496 Petro,
1827 2417 2008 2496 Felicitate,
2042 2417 2118 2480 Per·

1217 2527 1328 2600 petua,
1348 2516 1495 2601 Agatha,
1520 2516 1633 2594 Lucia,
1657 2516 1759 2601 Agne
1768 2515 1803 2592 ¹¹,
1822 2517 1956 2595 Cecilia,
1971 2515 2118 2579 Anasta-

1218 2616 1308 2694 sia¹³‚
1348 2626 1381 2680 et
1418 2637 1494 2680 cum
1531 2617 1686 2680 omnibus
1727 2617 1849 2681 sanctis
1885 2616 1961 2681 tuis.
2025 2616 2117 2679 Intra

1254 2807 1261 2836 ¹
1279 2807 1334 2858 Om.
1346 2822 1441 2857 crosses
1452 2806 1485 2854 V.
1497 2807 1524 2856 Z.
1710 2804 1720 2834 ¹
1739 2806 1793 2857 Om.
1807 2807 1868 2858 Bod.
1880 2806 1913 2858 V.
1926 2807 1953 2856 Z.

1250 2887 1260 2916 ³
1271 2885 1408 2934 Dominum
1420 2889 1533 2933 uostmm
1542 2883 1574 2934 V.
1581 2883 1613 2932 Υ.
1621 2885 1649 2934 Ζ.
1678 2897 1696 2933 ÷
1704 2884 1833 2935 Memento
1841 2885 1897 2944 mei,
1905 2901 1997 2950 quaeso,
2007 2884 2117 2941 domine.

1217 2970 1243 3013 et
1262 2963 1383 3021 miserere,
1401 2962 1458 3012 licet
1474 2962 1529 3012 haec
1545 2968 1631 3012 sancta
1647 2961 1756 3027 indignae
1772 2962 1825 3022 tibi,
1843 2969 1935 3013 sauctae
1954 2970 2025 3027 pater
2041 2964 2119 3013 omui-

1218 3048 1305 3106 poteus
1321 3048 1419 3091 aeternae
1436 3041 1505 3102 deus,
1517 3040 1579 3089 meis
1596 3042 1712 3090 manibus
1729 3040 1862 3091 offeruntur
1878 3041 1999 3092 samiticia
2015 3043 2057 3106 qui
2073 3057 2119 3092 uec

1218 3120 1334 3169 inuocare
1352 3125 1465 3169 sanctum
1476 3133 1506 3167 ac
1522 3117 1664 3168 uenerabile
1678 3134 1770 3168 nomen
1786 3125 1857 3168 tuum
1869 3119 1958 3184 dignus
1973 3135 2036 3169 sum.
2068 3119 2119 3170 Sed

1218 3197 1335 3262 quoniam
1352 3197 1377 3246 iu
1393 3196 1488 3246 honore
1504 3195 1586 3246 laudis
1603 3203 1628 3245 et
1640 3195 1759 3245 memoria
1776 3195 1970 3261 gloriosisissimi
1985 3196 2118 3262 dilectique

1218 3277 1264 3327 filii
1282 3276 1318 3326 tui
1329 3276 1423 3326 domini
1441 3276 1518 3326 nostri
1537 3275 1606 3325 ihesu
1620 3275 1704 3326 christi
1722 3276 1853 3326 offerantur
1868 3276 1932 3325 sicut
1947 3276 2075 3326 incensum
2093 3276 2118 3324 in

1218 3367 1353 3426 conspectu
1364 3359 1455 3409 diuinae
1466 3358 1603 3408 maiestatis
1614 3364 1670 3418 tuae,
1684 3373 1741 3408 cum
1753 3358 1829 3409 odore
1840 3358 1971 3408 suauitatis
1982 3357 2117 3408 accendan-

1219 3447 1266 3490 tur.
1300 3439 1347 3487 Per
1358 3437 1477 3486 christum
1489 3435 1616 3486 dominum
1628 3443 1746 3486 nostrum.
1779 3436 1807 3486 Z.

1251 3515 1286 3554 ¹-¹
1301 3516 1356 3565 The
1362 3515 1445 3564 whole
1452 3514 1482 3563 of
1487 3515 1536 3564 this
1543 3513 1826 3580 paragraphisomitted
1834 3513 1858 3563 in
1866 3515 1937 3576 Bod.,
1943 3514 1983 3572 for
1989 3513 2119 3563 whichthe

1220 3595 1350 3659 following
1366 3593 1387 3643 is
1401 3593 1564 3643 substituted:
1583 3592 1725 3642 'Memento
1736 3593 1835 3653 etenim,
1850 3593 1957 3650 domine,
1969 3592 2119 3642 famulorum

1220 3673 1417 3736 famularumque
1430 3677 1536 3728 tuarum,
1548 3677 1573 3720 et
1585 3670 1735 3720 beatissimae
1747 3669 1848 3734 uirginis
1861 3670 1947 3719 mariae
1959 3669 2119 3735 omniumque

1220 3757 1361 3801 sauctorum
1372 3756 1472 3799 tuorum
1485 3748 1694 3798 intercedentibus
1705 3748 1808 3806 meritis,
1820 3748 1964 3812 suppliciter
1980 3762 2120 3812 quesumus.

1221 3830 1379 3893 omnipotens
1391 3826 1459 3883 deus,
1466 3833 1495 3876 ut
1507 3826 1616 3876 famulos
1627 3841 1657 3876 ae
1668 3826 1774 3875 famulas
1785 3833 1848 3886 tuas,
1858 3841 1962 3890 quorum
1973 3825 2120 3876 elemosinas

1221 3907 1365 3973 recepimus,
1376 3920 1419 3954 seu
1427 3903 1469 3970 qui
1480 3904 1554 3953 uobis
1562 3904 1730 3954 familiaritate
1739 3903 1862 3955 coniuncti
1874 3911 1938 3961 sunt,
1947 3904 2017 3968 larga
2026 3903 2120 3954 miseri·

1221 3985 1305 4036 cordia
1318 3993 1361 4033 tua
1372 3990 1496 4048 protegas.
1512 3989 1536 4032 et
1548 3982 1582 4030 ab
1597 3983 1712 4032 omnibus
1724 3982 1944 4046 inpugnationibus
1955 3981 2079 4041 defendas,
2091 3989 2120 4030 ut

1220 4071 1264 4113 tua
1275 4061 1431 4127 protectione
1442 4060 1533 4124 ubique
1545 4061 1679 4110 salueutur.

1255 4141 1302 4190 ‘Et
1324 4140 1454 4190 animabus
1476 4137 1625 4188 famulorum
1653 4137 1850 4202 famularumque
1874 4145 1980 4198 tuarum,
2004 4137 2121 4187 uidelicet

1221 4219 1332 4271 omniurn
1352 4217 1555 4272 orthodoxorum.
1572 4231 1676 4280 quorum
1694 4217 1954 4266 commemorationem
1971 4217 2076 4279 agimus.
2095 4227 2120 4266 et

1221 4313 1324 4363 quorum
1336 4311 1440 4362 eor-pora
1452 4295 1493 4344 bic
1508 4295 1672 4360 requiescunt,
1684 4295 1725 4344 uel
1735 4309 1841 4359 quorum
1857 4294 1957 4344 nomina
1966 4294 2006 4344 bic
2018 4293 2043 4344 iu
2054 4293 2120 4343 libro

1221 4378 1280 4426 uitae
1296 4377 1387 4441 scripta
1403 4389 1457 4426 esse
1473 4373 1596 4430 uidentur.
1609 4373 1790 4436 indulgentiam
1808 4379 1833 4422 et
1848 4373 2017 4423 remissionem
2034 4387 2121 4437 pecca·

1222 4462 1303 4504 torum
1314 4454 1414 4512 tribuas,
1426 4458 1452 4501 et
1463 4453 1489 4501 iu
1503 4452 1629 4502 consortio
1641 4450 1776 4500 electorum
1790 4458 1889 4500 tuorum
1900 4450 1992 4500 babere
2004 4449 2120 4514 digneris.

1223 4537 1281 4585 Istis
1295 4543 1319 4585 et
1331 4535 1445 4584 omnibus
1461 4532 1547 4583 infide
1564 4531 1688 4583 catholica
1701 4533 1882 4597 quiescentibus
1898 4531 1981 4581 locum
1998 4532 2074 4597 pacis.
2085 4547 2120 4581 re·

1221 4613 1321 4678 frigerii,
1333 4620 1358 4662 et
1370 4612 1462 4676 requiei
1474 4619 1501 4661 ut
1512 4610 1642 4675 indulgeas
1653 4612 1822 4677 deprecamur.
1854 4610 1901 4660 Per
1912 4609 2031 4660 christum
2041 4609 2121 4660 domi·

1221 4707 1281 4742 num
1292 4687 1420 4742 nostrum.¹
1454 4689 1517 4738 Bod.

1254 4771 1283 4806 ¹·⁵
1300 4771 1333 4818 Et
1344 4783 1430 4820 eorum
1441 4770 1543 4820 uomina
1555 4769 1583 4819 Z.
1763 4768 1773 4798 ⁸
1796 4783 1814 4820 ÷
1828 4767 1930 4818 domiue
1939 4766 1972 4816 X.
1983 4767 2015 4817 V.
2027 4767 2054 4816 Z.

1255 4847 1265 4876 ¹
1284 4849 1338 4898 Om.
1351 4848 1383 4899 V.
1394 4848 1428 4897 X.
1440 4847 1471 4898 Υ.
1484 4848 1512 4900 Ζ.
1633 4847 1806 4911 ¹Quintibus
1818 4847 1845 4897 Z.
1960 4846 1970 4875 ¹
1993 4859 2012 4897 κ
2028 4845 2120 4895 Filium

1222 4933 1292 4976 tuum
1302 4925 1432 4975 dominum
1443 4932 1556 4976 nostrum
1568 4925 1600 4976 V.
1640 4938 1659 4976 ÷
1666 4926 1795 4975 dominum
1807 4930 1919 4974 nostrum
1930 4923 1961 4974 Υ.
1977 4924 2005 4974 Ζ.

1255 5005 1275 5035 ¹⁰
1298 5019 1316 5054 ÷
1330 5011 1465 5064 memento,
1474 5019 1558 5068 queso,
1566 5003 1675 5061 domiue.
1683 5011 1708 5054 et
1718 5003 1831 5054 miserere
1840 5002 1896 5058 mei.
1905 5001 1963 5051 licet
1970 5001 2025 5051 haee
2033 5008 2120 5052 saucia

1223 5083 1323 5147 indigue
1334 5083 1388 5140 tibi.
1400 5089 1485 5131 sancte
1497 5089 1581 5148 pater.
1586 5082 1743 5147 omnipotens
1758 5089 1841 5134 eteme
1853 5079 1921 5140 deus,
1933 5079 1995 5129 meis
2006 5079 2122 5130 manibus

1223 5162 1355 5212 offerantur
1365 5159 1495 5220 sacrificia,
1506 5162 1550 5226 qui
1562 5177 1607 5211 nec
1624 5160 1740 5210 inuocare
1755 5165 1868 5210 sanetum
1881 5174 1911 5209 ac
1922 5157 2062 5208 uenerabile
2077 5174 2122 5208 no·

1223 5255 1280 5290 men
1296 5247 1366 5289 tuum
1383 5238 1473 5303 dignus
1490 5254 1544 5288 sum
1561 5238 1604 5288 sed
1622 5239 1719 5304 que(m)
1736 5239 1762 5288 in
1778 5239 1872 5304 honore
1887 5251 1916 5286 ac
1932 5237 2014 5298 laude,
2031 5246 2056 5286 et
2071 5253 2123 5286 me·

1223 5318 1303 5368 moris
1316 5317 1489 5382 gloriosissimi
1501 5317 1635 5380 dilectique
1646 5316 1692 5366 tilii
1708 5317 1745 5366 tui
1756 5316 1851 5366 domini
1863 5317 1941 5366 nostri
1955 5315 2024 5365 ihesu
2036 5315 2123 5365 christi

1224 5395 1363 5456 offeruntur,
1381 5395 1447 5445 sicut
1462 5395 1590 5445 incensum
1610 5395 1636 5445 in
1656 5403 1791 5460 conspectu
1810 5394 1895 5444 diuine
1914 5395 2051 5445 maiestatis
2070 5401 2122 5454 tue,

1223 5491 1280 5526 cum
1291 5474 1367 5524 odore
1379 5474 1510 5524 suauitatis
1520 5473 1693 5524 accendantur.
1727 5473 1775 5523 Per
1785 5473 1912 5524 christum.
1941 5473 1974 5524 X.
2149 5525 2152 5536 ,

1256 5552 1274 5582 ¹¹
1291 5554 1324 5604 Et
1336 5554 1363 5602 Z.
1439 5552 1460 5582 ¹¹
1475 5553 1573 5618 Agnete
1582 5552 1614 5602 V.
1625 5552 1663 5612 Y;
1680 5552 1755 5617 Agna
1766 5551 1799 5602 X.
1887 5551 1904 5582 ¹¹
1928 5565 1946 5602 ÷
1961 5549 2075 5600 Eufemia
2086 5549 2122 5608 V;

1230 5642 1249 5681 κ
1263 5627 1454 5693 AEtheldrythre,
1465 5626 1612 5680 Geretrudis
1624 5627 1650 5676 Z.
