5122 6610
439 541 577 616 uonna
594 541 707 617 luntres
725 539 807 616 malt
823 553 960 633 apulea.
1356 541 1512 636 utentum
1529 542 1614 618 helil.
1648 543 1773 620 uonna
1791 544 1960 638 ipsuum
2041 547 2108 636 ¹85

255 743 443 820 seruientes,
459 753 497 808 ut
512 741 631 808 diuinis
646 743 743 807 rebus
759 752 792 807 et
807 762 944 827 corpore
958 741 1155 808 famulemur
1512 742 1574 806 Ad
1584 743 1812 826 complendum.

257 855 291 910 et
306 854 428 908 mente·
473 843 535 907 Pes
550 843 745 907 d⁰mi¹¹¹¹¹¹¹5
1250 867 1405 934 Viuiticet
1432 889 1500 944 nos,
1527 867 1669 948 domine,
1694 890 1873 952 quesumus
1900 871 2109 954 participatio

557 1006 620 1070 Aa*
629 1006 856 1089 comppndum·
1207 966 1256 1032 tui
1271 977 1385 1032 sancta
1401 969 1558 1051 mysterii,
1573 977 1609 1034 et
1627 969 1749 1052 pariter
1770 967 1865 1033 nobis
1881 971 2108 1053 expiationem

1206 1066 1331 1131 tribuat
1346 1077 1380 1132 et
1396 1068 1575 1133 munimen.
1619 1067 1704 1134 Per.t

301 1131 498 1216 Quesumus,
512 1132 648 1197 domine
662 1133 743 1198 deus
760 1144 879 1208 noster,
893 1143 929 1199 ut
944 1155 1027 1217 quos
1043 1135 1155 1200 diuina

257 1232 371 1296 tribuis
385 1232 635 1317 participatione
652 1232 804 1315 gaudere,
819 1232 971 1299 humanis
986 1254 1052 1298 non
1066 1236 1155 1300 sinas

257 1331 423 1397 subiacere
437 1331 599 1416 periculis
645 1333 729 1396 Peru
1516 1315 1595 1382 litent
1617 1317 1675 1381 alia
1694 1318 1799 1382 missa.

1253 1460 1354 1539 Deus,
1378 1462 1434 1545 qui
1462 1461 1671 1545 prouidentia
1696 1470 1755 1527 tua
1781 1461 1925 1527 caelestia
1949 1463 2047 1526 simul
2075 1474 2109 1531 et

528 1564 640 1639 ffltuuu
660 1571 785 1648 tempure
805 1567 880 1631 hullt,
1208 1568 1337 1625 terrena
1353 1563 1540 1641 moderaris,
1556 1563 1735 1646 propitiare
1749 1561 1998 1626 christianorum
2011 1564 2108 1628 rebus

1209 1668 1244 1724 et
1270 1661 1408 1744 regibus,
1436 1671 1472 1726 ut
1496 1663 1603 1726 omnis
1628 1661 1774 1726 hostium
1797 1660 1964 1741 fortitudo,
1988 1672 2022 1727 te
2049 1683 2108 1746 pro

302 1718 404 1792 Deus,
414 1737 587 1801 regnonum
600 1717 748 1782 omniurn
764 1737 944 1802 regumque
959 1719 1156 1795 dominator,
1210 1761 1305 1825 nobis
1320 1772 1499 1844 pugnante,
1514 1761 1692 1845 frangatur·
1738 1761 1822 1825 pm

258 1817 314 1900 qui
330 1837 391 1881 nos
407 1826 441 1881 et
455 1815 668 1900 percutiendo
687 1837 793 1895 sanas,
808 1826 842 1881 et
857 1817 1058 1901 ignoscendo
1080 1838 1158 1883 con-

259 1936 377 1996 seruas,
403 1917 563 2012 pretende
587 1914 682 1981 nobis
712 1916 966 1982 misericordiam
992 1928 1094 1998 tuam,
1120 1929 1157 1984 ut
1614 1935 1706 2000 Alia,

259 2015 497 2098 tranquillitate
530 2017 628 2098 pacis,
658 2025 717 2080 tua
746 2026 913 2100 Ρθῖθῧῗῧῗε
945 2017 1084 2096 firmat&
1113 2019 1156 2084 ad
1254 2059 1357 2136 Deus,
1369 2061 1579 2126 seruientium
1596 2061 1656 2126 tibi
1666 2060 1825 2125 fortitudo
1837 2080 2021 2144 regnorum,
2033 2083 2110 2145 pro·

260 2116 404 2181 remedia
419 2117 629 2181 correcti‘mis
643 2123 782 2180 utamur'
829 2116 900 2181 Per·
1210 2159 1310 2242 pitius
1333 2160 1583 2226 christianorum
1606 2162 1723 2225 adesto
1745 2181 1877 2243 semper
1899 2162 2108 2246 principibus,

661 2279 753 2345 Alia,
1209 2268 1246 2322 ut
1272 2281 1410 2342 quorum
1433 2260 1494 2326 tibi
1528 2261 1675 2326 subiecta
1705 2270 1756 2325 est
1789 2259 1966 2339 humilitas,
1994 2280 2108 2325 eorum

302 2405 402 2482 Deus,
417 2405 475 2489 qui
490 2405 634 2469 conteris
648 2405 745 2482 bella,
762 2415 797 2470 et
817 2405 1052 2490 inpugnatores
1072 2407 1104 2470 in
1121 2417 1155 2470 te
1208 2358 1330 2442 ubique
1346 2359 1561 2426 excellenti&
1575 2361 1619 2424 ³st
1635 2368 1793 2446 Ρῡῒθθῗὸθ·
1840 2360 1926 2425 Pes-⁷

258 2506 460 2588 sperantium
483 2505 633 2588 potentia
659 2514 725 2569 tuae
751 2504 951 2570 defensionis
973 2526 1155 2590 expugnas,

259 2603 418 2668 auxiliare
440 2603 693 2687 implorantibus
715 2604 971 2670 misericordiam
994 2616 1095 2684 tuam,
1118 2615 1155 2671 ut

258 2704 403 2768 omnium
418 2703 568 2786 gentium
583 2703 713 2768 feritate
728 2723 926 2788 compressa,
942 2704 1107 2770 indelessa
1121 2715 1155 2770 te

258 2804 436 2885 gratiarum
450 2803 581 2867 actione
596 2802 778 2868 laudemus.
822 2804 910 2868 Per.t

1586 2536 1726 2602 Secreta.

1253 2661 1443 2743 Propitiare,
1466 2660 1609 2737 domine,
1632 2660 1785 2745 precibus
1807 2669 1841 2725 et
1862 2659 1980 2725 hostiis
2001 2659 2108 2725 samu·

1208 2759 1314 2823 lorum
1331 2769 1471 2837 tuorum,
1487 2771 1522 2826 et
1539 2769 1675 2844 propter
1694 2780 1815 2824 nomen
1831 2770 1925 2825 tuum
1941 2759 2109 2824 christiani

1208 2860 1350 2924 nominis
1372 2859 1514 2924 desende
1540 2870 1691 2935 rectores,
1715 2869 1752 2924 ut
1781 2859 1870 2924 salus
1896 2860 2107 2923 seruientium

637 2966 777 3032 Secreta.
1207 2960 1267 3023 tibi
1279 2960 1471 3044 principum,
1482 2981 1551 3044 pax
1561 2970 1692 3024 tuorum
1702 2960 1807 3043 possit
1820 2979 1890 3036 esse
1902 2958 2107 3043 populorum.

301 3090 514 3169 Sacrificium,
526 3093 669 3168 domine,
682 3094 772 3175 quod
787 3093 998 3159 immolamus
1013 3094 1156 3173 intende,
1208 3059 1294 3122 pem

460 3191 467 3205 .
974 3193 1008 3210 ..
1123 3195 1130 3208 .
1510 3145 1573 3209 Ad
1582 3144 1810 3229 complendum.

261 3200 296 3255 ut
316 3191 359 3256 ab
377 3211 469 3254 omnr
491 3212 551 3256 nos
575 3202 677 3256 exuat
697 3192 860 3257 bellorum
884 3204 1039 3277 nequitia,
1065 3204 1099 3259 et
1122 3215 1155 3258 m

260 3301 325 3356 tuae
340 3291 553 3374 protectionis
568 3292 743 3357 securitate
758 3292 948 3359 constituat.
995 3293 1081 3358 Per.t
1253 3272 1404 3355 Ρῑθῗθὲθι
1421 3272 1564 3352 d0¹¹¹l¹¹02
1578 3271 1719 3336 f²m¹¹10⁸
1742 3280 1819 3336 i¹¹0⁵
1841 3271 1995 3334 subsidiis
2016 3271 2107 3353 pacis

1208 3381 1243 3436 et
1258 3374 1410 3455 corporis,
1423 3382 1457 3437 et
1471 3372 1671 3456 spiritalibus
1684 3372 1849 3438 enutriens
1861 3391 1918 3435 eos
1932 3371 2108 3448 alimentis,

558 3452 620 3516 Ad
630 3453 859 3537 compunctum.
1208 3492 1229 3535 a
1244 3473 1369 3536 cunctis
1384 3472 1534 3538 hostibus
1550 3473 1653 3537 redde
1667 3491 1808 3536 securos.
1847 3472 1931 3536 Per.t

302 3577 510 3645 Sacrosancti
522 3578 667 3661 corporis
682 3589 716 3645 et
731 3582 899 3664 sanguinis
914 3581 1040 3647 domini
1056 3581 1157 3646 nostri

261 3676 350 3743 ihesu
366 3677 478 3743 christi
501 3677 677 3743 resectione
691 3679 847 3762 uegetati,
861 3679 1027 3764 supplices
1050 3691 1084 3746 te
1105 3702 1157 3746 ro-

260 3799 383 3862 gamus,
394 3777 605 3861 omnipotens
616 3778 707 3854 deus,
719 3788 757 3843 ut
768 3779 830 3844 hoc
840 3778 986 3858 remedio
1001 3779 1156 3864 singulari

260 3877 301 3941 ab
311 3877 402 3942 omui
413 3898 474 3940 uos
485 3877 683 3960 contagione
695 3878 854 3960 purifices,
866 3879 1156 3962 etapericulorum
1253 3865 1398 3930 DOmine
1427 3867 1518 3944 deus,
1545 3867 1600 3949 qui
1627 3867 1670 3932 ad
1696 3866 1760 3932 ¹¹00
1787 3866 1932 3932 irasceris
1961 3875 1999 3931 ut
2028 3865 2105 3929 sub·

262 3975 387 4040 munias
401 3975 585 4041 incursione
599 3986 801 4042 cunctorum,
846 3977 931 4043 Pera
1209 3967 1331 4038 uenias,
1346 3966 1390 4029 ad
1411 3963 1473 4030 hoc
1493 3965 1625 4030 minaris
1647 3975 1685 4031 ut
1704 3986 1831 4051 parcas,
1850 3967 1949 4060 lapsis
1972 3985 2108 4030 manum

1209 4066 1347 4149 porrige,
1377 4076 1411 4131 et
1441 4065 1665 4132 laborantibus
1696 4067 1866 4151 multiplici
1898 4066 2108 4131 miseratione

1209 4186 1367 4246 succurre,
1380 4174 1416 4229 ut
1431 4177 1566 4249 gentem
1582 4186 1756 4251 paganam,
1772 4187 1873 4250 quarn
1889 4165 2109 4250 propeccatis

1210 4266 1328 4330 nostris
1365 4286 1463 4349 super
1500 4286 1560 4331 nos
1597 4266 1825 4350 cognoscimus
1862 4265 2039 4349 preualere,
2073 4272 2107 4327 te

302 4365 524 4450 Omnipotens
547 4365 638 4442 deus,
658 4364 824 4431 christiani
844 4366 984 4432 nominis
1008 4368 1155 4434 inimicos
1209 4366 1394 4444 miserante,
1410 4365 1591 4430 sentiamus
1609 4386 1744 4430 cessare.
1790 4366 1852 4430 Per
1867 4365 2047 4429 dominum.

259 4464 385 4544 uirtute,
408 4486 595 4549 quesumus,
615 4474 682 4530 tuae
703 4467 884 4548 comprime
906 4466 1096 4545 maiestatis,
1119 4478 1156 4534 ut

259 4564 400 4649 populus
428 4575 505 4629 tuus
541 4575 575 4630 et
612 4565 689 4631 fidei
727 4567 916 4650 integritate
953 4566 1090 4644 laetetur,
1121 4579 1155 4633 et
1610 4541 1704 4606 Alia·

258 4672 445 4750 temporum
461 4664 698 4749 tranquillitate
713 4685 844 4749 semper
858 4665 998 4733 exultet.
1044 4668 1129 4734 Per.t
1252 4666 1460 4751 Sempitema
1484 4665 1613 4730 trinitas
1639 4666 1730 4742 deus,
1758 4665 1848 4732 cuius
1878 4673 1929 4730 est
1957 4665 2107 4747 potentia

718 4827 724 4840 ,
1208 4777 1413 4852 prosternere
1429 4765 1527 4830 sortia
1539 4776 1573 4831 et
1588 4764 1718 4831 eleuare
1731 4764 1879 4839 humilia,
1892 4764 1925 4828 in
1940 4763 1991 4828 his
2006 4765 2106 4828 sacris

661 4827 753 4894 ΔΖΜ·
1208 4866 1393 4933 cerimoniis
1422 4865 1630 4931 clementiam
1656 4874 1749 4929 tuam
1777 4864 1968 4948 suppliciter
1991 4863 2106 4946 depre-

304 4951 462 5016 Hostium
486 4960 682 5028 nostrorum,
705 4973 893 5036 quesumus,
914 4953 1055 5032 domine,
1071 4954 1157 5021 elide
1209 4975 1378 5044 camucut
1392 4965 1482 5030 omni
1497 4963 1633 5047 ecclesie
1646 4973 1861 5048 tuaepraestes
1875 4963 2056 5041 auxilium
2072 4973 2106 5028 et

259 5051 454 5134 superbiam,
487 5060 521 5116 θῒ
551 5051 691 5134 dexteri
724 5059 791 5116 luae
825 5053 947 5117 Uirtute
976 5064 1154 5136 prosterne·
1208 5068 1291 5130 sicut
1300 5064 1446 5129 liberasti
1456 5063 1541 5128 filios
1551 5063 1669 5129 israhel
1680 5065 1721 5128 de
1731 5063 1881 5129 manibus
1889 5063 2106 5146 aegiptiorum,

259 5149 342 5214 Peri
1159 5225 1163 5234 .
1209 5167 1255 5231 ita
1285 5167 1386 5230 libera
1416 5163 1575 5248 populum
1608 5174 1702 5229 tuum
1733 5161 1945 5226 christianum
1975 5163 2019 5226 de
2047 5183 2106 5246 op·

637 5237 776 5304 secreta·
1207 5267 1374 5350 pressione
1390 5283 1602 5347 paganorum,
1619 5272 1653 5326 et
1668 5263 1712 5326 da
1727 5263 1899 5326 uictoriam
1914 5262 2016 5326 seruis
2031 5265 2106 5340 tuis,

302 5362 422 5440 Huius,
435 5362 578 5442 domine,
599 5383 786 5446 quesumus,
807 5366 928 5430 uirtute
949 5366 1104 5449 mysterii,
1122 5375 1156 5432 et
1207 5366 1361 5449 quatinus
1377 5362 1522 5428 ecclesiae
1537 5372 1604 5427 tuae
1625 5372 1731 5426 status
1750 5362 1892 5446 erigatur
1907 5363 1940 5425 in
1955 5361 2105 5434 sublime,

259 5463 419 5526 anostris
441 5462 639 5528 mundemur
659 5463 805 5542 occultis,
825 5473 859 5529 et
881 5465 924 5529 ab
951 5466 1155 5531 inimicorum
1207 5474 1241 5528 et
1278 5463 1395 5547 perfidi
1428 5462 1611 5527 deiciantur
1647 5462 1679 5525 in
1710 5461 1832 5538 intima,
1866 5471 1903 5527 ut
1937 5459 2106 5526 christiani

261 5558 433 5627 liberemur
447 5561 581 5627 insidiis.
629 5562 715 5628 Per.t
1208 5564 1376 5648 gaudeant
1398 5563 1441 5628 de
1462 5561 1648 5628 hereditate
1669 5569 1737 5638 tua,
1753 5572 1789 5627 et
1811 5561 1844 5625 in
1867 5560 2028 5638 omnibus,
2048 5570 2107 5624 tua

1741 5665 1805 5740 ab

1462 3719 1574 3794 luisse
1595 3727 1693 3785 watra
1713 3735 1856 3802 pamma.

562 4219 642 4284 lltzm
663 4221 722 4283 ala
742 4221 847 4285 mbas.
