5116 6608
955 603 1006 678 a.
1019 599 1125 675 M.
1139 596 1186 673 o.
1212 596 1323 683 titi.
1349 596 1440 675 ulta.

631 804 796 884 Pupinia.

303 928 341 991 U.
355 929 393 990 D.
408 939 515 990 aeteme
530 927 611 990 deus.
646 929 693 990 Te
708 928 898 1007 deprecantes
912 935 945 987 ut
958 926 1036 988 beati
1059 943 1165 987 susus·

262 1045 324 1087 mm
339 1021 476 1110 [erased].

600 1119 828 1179 postcommunio.

302 1239 378 1315 Hes,
394 1239 525 1310 domine,
539 1239 655 1300 uiuifica
676 1247 860 1299 sacramenta
873 1238 914 1297 ita
927 1254 984 1297 nos
998 1243 1121 1314 pascant
1135 1235 1166 1293 in

263 1336 357 1396 sancti
371 1353 528 1395 auoussnn
547 1334 701 1410 anglorum
715 1333 841 1410 apostoli
856 1332 1036 1404 solennitate,
1051 1341 1083 1389 ut
1097 1347 1166 1388 cum

263 1430 328 1509 ipso
342 1439 458 1508 pastore
473 1429 504 1489 in
519 1439 569 1488 tua
582 1447 700 1506 semper
713 1429 847 1488 uiuamus
862 1427 998 1488 claritate.
1041 1424 1105 1485 Per.

551 1676 600 1742 me
620 1681 721 1743 saneto
743 1677 846 1740 athana
856 1676 877 1740 ¹.

661 1822 769 1883 Oratio.

306 1919 397 1992 Deus,
411 1919 462 1998 qui
476 1929 596 1997 gentem
611 1919 766 1996 anglorum
780 1916 926 1994 primitiuo
941 1931 1167 1976 sanctuarinm

266 2015 403 2092 martyrio
424 2014 610 2086 consecrasti,
626 2015 719 2073 tribue
740 2013 834 2084 nobis,
850 2029 1019 2090 quesumus,
1036 2020 1067 2069 ut
1085 2011 1166 2068 cuius

265 2127 365 2170 annuo
392 2107 568 2187 gratulamur
590 2107 697 2180 officio,
723 2107 785 2166 eius
810 2105 951 2166 continuo
979 2115 1168 2182 protegamur

265 2203 380 2263 auxilio.
422 2201 487 2262 Per.

658 2294 779 2355 Secreto.

307 2417 387 2478 Sicut
401 2417 431 2476 in
445 2417 522 2477 beati
536 2435 644 2476 susam
657 2416 743 2495 primi
758 2415 913 2494 anglorum
927 2415 1061 2494 martyris
1079 2433 1168 2474 uene·

265 2514 378 2573 ratione
391 2522 445 2572 etc.
462 2507 508 2594 [as
524 2507 568 2594 S].

636 2606 803 2682 Prepbatt'o.

307 2727 345 2786 V.
359 2728 396 2788 D.
412 2736 521 2788 aeteme
535 2725 615 2786 deus
659 2725 719 2800 Qui
739 2727 859 2785 beatam
877 2725 1015 2784 albanum
1029 2722 1171 2783 hodierna

267 2823 315 2883 die
334 2823 460 2902 martyrii
482 2822 575 2900 gloria
595 2821 749 2892 coronasti,
764 2822 886 2897 eiusque
908 2821 1000 2880 sancti
1021 2820 1171 2897 sanguinis

266 2917 410 2978 ellirsione
424 2917 578 2978 ecclesiam
595 2916 749 2994 anglorum
765 2911 903 2997 [erased].

603 3087 831 3146 postcommunio.

308 3207 350 3267 Vt
370 3218 421 3266 tua
442 3225 507 3280 nos,
522 3205 651 3280 domine,
665 3216 848 3267 sacramenta
861 3217 986 3284 purgent
1002 3223 1020 3266 a
1043 3205 1171 3278 crimine,

266 3313 321 3363 etc.
338 3299 383 3384 [as
399 3297 443 3384 S].

386 3523 428 3588 iia
442 3522 605 3588 tsattuttata
620 3527 718 3600 sancta
731 3519 880 3604 antistatis
893 3521 1051 3602 ntrptntsjt

310 3669 379 3729 Ant.
401 3669 535 3729 Dilexisti
543 3669 563 3727 ⁸.

311 3764 402 3836 Deus,
424 3767 543 3842 quinos
564 3781 662 3821 annua
681 3762 767 3836 beate
788 3779 962 3822 uunmnrm
982 3760 1104 3838 uirginis
1124 3771 1173 3836 tue

272 3858 443 3918 solennitate
457 3857 586 3929 letificas,
595 3855 725 3916 concede
735 3856 877 3933 propitius
888 3864 919 3914 ut
928 3855 990 3914 eius
1001 3857 1173 3916 adiuuemus

271 3953 387 4026 meritis,
402 3953 485 4013 cuius
506 3951 644 4011 castitatis
665 3950 833 4010 irradiamur
854 3950 1006 4027 exemplis.
1049 3949 1104 4009 Per
1118 3950 1173 4010 do·

271 4048 384 4107 minum
398 4058 530 4108 nostrum
545 4045 659 4105 ihesum
672 4043 841 4105 christuml.

661 4217 780 4279 Secreta.

311 4341 459 4414 Hostiam,
481 4359 650 4419 quesumus,
672 4340 802 4412 domine,
820 4358 877 4418 qua
898 4351 927 4399 te
949 4340 1044 4412 nobis,
1065 4341 1174 4417 placari

273 4437 433 4507 decreuisti,
454 4436 600 4512 benignus
621 4435 741 4514 respice,
763 4445 791 4494 et
816 4436 900 4494 beate
925 4453 1098 4514 nubamus
1118 4437 1174 4494 uir-

273 4533 348 4609 ginis
362 4541 410 4606 tue
424 4530 561 4608 precibus
582 4540 728 4601 exoratus,
744 4529 782 4588 ad
802 4539 902 4604 nostre
923 4528 1023 4590 salutis
1038 4530 1174 4591 effectum

273 4626 426 4704 prouenire
439 4625 579 4686 concede.
621 4624 677 4683 Per
690 4624 843 4684 dominum
857 4633 997 4684 nostrum.

642 4798 808 4876 Prephatt'o.

314 4877 465 4965 [Erased].

605 4988 836 5048 Postcommumb.

314 5108 491 5168 Immortalis
518 5107 655 5182 alimonie
683 5117 874 5179 sacramenta,
899 5105 1027 5179 domine,
1055 5107 1175 5184 suscipi-

274 5213 364 5276 entes,
388 5203 554 5280 suppliciter
574 5203 773 5280 imploramus
797 5212 838 5274 ut,
860 5202 1069 5262 intercessione
1089 5204 1175 5277 beate

306 5413 316 5445 ¹
332 5415 388 5465 Fol.
399 5426 431 5480 95
441 5429 464 5465 a.
484 5411 567 5464 There
578 5411 600 5462 is
611 5429 627 5462 a
638 5411 750 5463 different
763 5413 833 5464 Mass
844 5413 883 5463 sor
893 5413 931 5464 St.
942 5414 1028 5464 Alban
1040 5414 1066 5463 in
1079 5413 1176 5465 leofric

275 5495 304 5556 C,
319 5510 344 5560 p.
358 5507 412 5558 253.
848 5489 859 5520 ¹
875 5492 931 5544 Fol.
941 5505 985 5542 ιοι
996 5493 1021 5543 b.

307 5571 318 5601 ⁸
332 5571 395 5622 This
412 5573 472 5622 Ant.
483 5570 533 5620 and
549 5569 616 5620 Coll.
628 5569 691 5620 have
709 5569 772 5620 been
784 5570 881 5622 written
899 5571 1008 5622 secunda
1025 5587 1101 5622 mauu
1118 5587 1177 5622 over

276 5649 318 5700 the
329 5649 399 5702 older
410 5648 485 5711 Coll,
497 5647 581 5700 which
592 5647 638 5698 has
649 5647 713 5698 been
724 5648 818 5700 erased.

1998 711 2003 720 Ι
2046 613 2117 684 299

1218 817 1392 878 umnsarrrp
1412 797 1533 873 uirginis
1549 805 1606 872 tue,
1621 805 1650 857 et
1663 797 1803 856 uirtutum
1823 795 2011 874 proficiamus
2024 794 2120 855 incre·

1217 894 1332 964 mentis,
1347 904 1376 952 et
1393 893 1532 967 continue
1553 892 1742 969 protectionis
1762 901 1812 966 tue
1832 891 1998 950 muniamur
2015 889 2118 949 sulita·

1216 988 1281 1065 giis.
1322 987 1386 1047 Per.

1330 1224 1468 1290 intesta
1489 1226 1583 1290 sanni
1602 1226 1751 1292 unstrut
1772 1224 1973 1306 archicpiscopi
1982 1223 2002 1286 ¹.

1258 1357 1349 1431 Deus,
1378 1359 1428 1437 qui
1455 1377 1513 1420 nos
1547 1360 1625 1419 beati
1655 1377 1819 1419 nnusnnms
1848 1355 2051 1434 archipresulis
2077 1357 2119 1414 tui

1218 1453 1350 1514 solennia
1378 1453 1690 1514 celebrare'concedis
1715 1453 1786 1524 eius,
1811 1469 1980 1530 quesumus,
2002 1467 2119 1528 semper

1217 1547 1326 1608 meritis
1340 1548 1597 1608 intercessionibus
1610 1548 1789 1608 adiuuemur.
1832 1546 1896 1606 Per.

1613 1706 1731 1768 Secreta

1260 1827 1390 1901 Hostias,
1413 1828 1542 1900 domine,
1563 1847 1637 1906 quas
1658 1829 1690 1888 in
1709 1827 1823 1888 honora
1843 1825 1937 1888 sancti
1957 1843 2121 1887 naumann

1218 1921 1394 1983 confessoris
1407 1925 1449 1983 tui
1463 1934 1550 2000 atque
1564 1923 1709 2001 pontificis
1724 1923 1775 1982 tibi
1797 1922 1961 1993 deferimus,
1974 1921 2120 1997 benignus

1219 2017 1346 2089 intende,
1362 2029 1391 2080 et
1405 2039 1462 2091 eas,
1473 2019 1522 2080 illo
1537 2019 1746 2092 intercedente,
1759 2018 1965 2078 benedictione
1980 2015 2120 2094 spirituali

1219 2113 1376 2174 sanctifica.
1418 2115 1482 2174 Per.

1553 2209 1782 2270 Postcommumb.

1261 2327 1385 2400 Refecti,
1414 2329 1543 2403 domine,
1568 2329 1738 2390 muneribus
1766 2327 1864 2400 sacris,
1894 2344 2061 2406 quesumus,
2081 2336 2123 2398 ut,

1220 2424 1417 2485 intercedente
1445 2426 1533 2485 beato
1560 2443 1724 2485 nsusnsnrs
1758 2421 1928 2484 consessore
1956 2432 2007 2482 tuo
2035 2431 2122 2499 atque

1221 2519 1369 2596 pontifice,
1394 2537 1447 2598 per
1470 2517 1527 2594 hec
1548 2529 1651 2580 contra
1674 2517 1776 2579 omnia
1799 2516 1923 2577 aduersa
1946 2515 2120 2577 muniamur.

1221 2613 1284 2674 Per.

1454 2833 1562 2900 Sanos
1582 2833 1671 2916 matis
1690 2835 1888 2912 maguntina&

1619 2966 1725 3028 Oratio.

1265 3089 1504 3160 Sacratissimam,
1519 3087 1648 3158 domine,
1663 3089 1748 3146 beate
1764 3105 1858 3146 uanis
1878 3087 2051 3163 magdalene
2066 3106 2124 3167 qua

1224 3183 1304 3258 celos
1323 3183 1410 3242 subiit
1430 3182 1626 3243 celebritatem
1647 3191 1842 3253 recensentes,
1858 3180 2005 3259 supplices
2019 3183 2124 3260 implo-

1223 3294 1322 3337 ramus
1343 3276 1528 3337 clementiam
1549 3287 1639 3348 tuam,
1653 3285 1686 3335 ut
1702 3275 1753 3353 qui
1774 3275 1835 3335 eius
1858 3273 2022 3338 deuotionis
2042 3295 2126 3338 reco-

1223 3371 1311 3432 limus
1327 3372 1461 3450 insignia,
1476 3371 1568 3449 ipsius
1589 3388 1753 3431 mereamur
1767 3379 1921 3448 compotes
1934 3371 2009 3431 effici
2023 3371 2125 3450 glorie.

1224 3465 1288 3526 Per.

1612 3547 1732 3609 Secreto.

1266 3666 1403 3727 Salutaris
1417 3665 1512 3742 hostie
1525 3685 1633 3727 munus
1654 3666 1760 3726 diuinis
1780 3666 1954 3726 sacrandum
1975 3668 2125 3745 mysteriis,

1224 3761 1310 3820 beata
1328 3781 1422 3822 usam
1443 3761 1618 3839 magdalena
1639 3761 1850 3838 patrocinante,
1865 3769 2041 3834 nostrorum,
2057 3780 2125 3840 que-

1225 3874 1334 3929 sumus,
1349 3855 1477 3928 domine,
1491 3866 1592 3915 exurat
1610 3855 1775 3932 rubiginem
1795 3866 1993 3932 peccatorum,
2006 3867 2037 3916 ut
2052 3856 2126 3918 illius

1224 3950 1460 4027 compunctionis
1475 3951 1597 4027 gratiam
1612 3959 1641 4010 et
1655 3949 1770 4028 pietatis
1792 3968 1881 4027 opera
1902 3951 2045 4029 consequi
2065 3969 2126 4010 me-

1224 4063 1347 4106 reamur.
1388 4044 1452 4106 Per.

1560 4138 1790 4198 Postcommum'o.

1266 4259 1389 4333 Prebeat
1423 4257 1519 4329 nobis,
1553 4257 1681 4330 domine,
1712 4259 1797 4333 beate
1831 4277 1924 4318 naam
1953 4259 2127 4336 magdalene

1226 4353 1402 4413 salutiferam
1417 4353 1539 4412 imitatio
1561 4362 1692 4412 sanctam
1708 4352 1880 4424 doctrinam,
1895 4354 2032 4431 quatinus
2053 4353 2128 4414 illius

1226 4449 1315 4526 partis
1328 4457 1481 4508 consortes
1502 4465 1567 4506 esse
1587 4465 1758 4520 mereamur,
1773 4467 1831 4526 que
1848 4465 1910 4508 non
1931 4448 2075 4508 auferebar
2088 4450 2126 4509 ab

1226 4561 1270 4602 ea
1312 4541 1375 4601 Per.

1227 4759 1269 4824 lin
1290 4758 1482 4822 banatattum
1509 4759 1606 4823 sanni
1636 4757 1965 4837 sensumsensurn
1991 4761 2127 4842 apostoli,

1267 4857 1466 4936 assistuntque
1493 4854 1718 4936 archipresulem
1739 4855 1886 4926 lantmtti,
1908 4857 2020 4928 melliti,
2046 4857 2128 4929 insti,

1265 4952 1386 5030 bononi,
1427 4952 1585 5024 bmshcbit,
1626 4949 1762 5027 titubant,
1796 4956 2010 5034 astantumque
2047 4970 2127 5017 sano

1241 5051 1389 5114 -mruas',

1267 5182 1376 5254 Presta,
1387 5199 1554 5261 quesumus,
1565 5181 1754 5258 omnipotens
1767 5179 1847 5253 deus,
1858 5189 1888 5240 ut
1903 5181 1976 5242 sicut
1985 5182 2128 5245 hodiema

1228 5291 1396 5338 sanctorum
1424 5294 1581 5337 suonssmr
1609 5276 1814 5352 sociorumque
1842 5276 1905 5336 eius
1940 5277 2128 5338 translatione

1259 5490 1269 5521 Ι

1260 5568 1271 5598 ²
1286 5489 1343 5618 ἓξ.
1352 5503 1400 5631 ig}
1409 5489 1435 5617 ἰ.
1468 5568 1493 5616 Α
1504 5565 1617 5616 dilierent
1630 5563 1708 5615 Missa
1720 5579 1807 5616 occurs
1818 5565 1844 5615 in
1855 5564 1954 5617 leobio
1965 5567 1996 5626 C,
2008 5583 2033 5633 p.
2044 5581 2099 5632 ²51·

1260 5645 1270 5676 ¹
1287 5645 1342 5698 Fol.
1353 5646 1432 5711 117b.

1718 5751 1825 5828 Qq2
