5122 6610
426 578 512 667 ὦῶ·
530 583 665 672 fflttd,
685 588 741 659 ὅτε.
777 587 942 675 densati,
961 592 1018 663 tn.

272 795 393 861 sanctis
429 794 544 861 oblata
583 805 756 874 testantur,
790 798 837 862 sic
874 799 971 864 nobis
1008 798 1173 880 effectum,

272 896 413 973 domine,
429 905 497 961 tuae
511 896 704 962 saluationis
719 899 924 983 impendant.
968 900 1031 965 Per
1040 900 1064 962 ¹.

572 1074 635 1140 Ad
644 1075 871 1158 complendam.

314 1199 451 1282 Refecti,
468 1201 612 1280 domine,
626 1201 859 1268 benedictione
873 1203 1035 1281 sollemni,
1051 1224 1171 1287 quesu·
1212 1243 1214 1248 ·

271 1319 351 1375 mus,
367 1309 405 1365 ut
424 1320 484 1383 per
505 1300 774 1367 intercessionem
797 1304 902 1369 sancti
925 1303 985 1367 uiti
1008 1305 1170 1370 medicina

270 1401 464 1465 sacramenti
480 1409 514 1466 et
534 1401 724 1484 corporibus
744 1405 864 1468 nostris
879 1405 984 1486 prosit
1002 1413 1036 1470 et
1051 1405 1170 1469 menti·

269 1498 339 1565 bus.
384 1500 448 1564 Per
456 1497 479 1565 ².

302 1738 422 1805 tutat.
435 1739 496 1806 ital
510 1742 563 1806 tal
597 1741 776 1808 Sannorum
792 1743 880 1807 aratri
894 1748 922 1807 rt
935 1742 1136 1807 antetulerit

311 1875 445 1951 Praesta,
472 1896 660 1959 quesumus,
687 1879 899 1961 omnipotens
929 1879 1021 1958 deus,
1046 1879 1169 1960 utqui

267 1983 454 2039 sanctorum
469 1983 601 2041 tuorum
618 1979 718 2042 marci
736 1987 771 2044 et
793 1976 995 2044 marcelliani
1018 1977 1170 2043 natalitia

267 2074 403 2139 colimus
435 2095 455 2139 a
485 2077 611 2141 cunctis
644 2077 741 2142 malis
774 2078 1023 2143 imminentibus
1054 2097 1168 2144 eorum

266 2175 496 2241 intercessione
511 2175 694 2242 liberemur.
718 2178 780 2243 Per
795 2177 966 2243 dominum
982 2188 1157 2244 nostrum.⁷

644 2355 786 2420 Secreta.

310 2478 457 2557 Munera,
486 2480 629 2559 domine,
666 2481 726 2546 tibi
761 2481 872 2546 dicata
909 2479 1088 2558 sanctifica,
1122 2489 1167 2554 et,

266 2577 543 2644 intercedentibus
565 2579 665 2645 beato
688 2600 799 2646 marco
823 2589 857 2645 et
872 2579 1092 2658 marcelliano,
1108 2600 1169 2664 per

265 2677 382 2744 eadem
398 2698 459 2743 nos
473 2678 622 2762 placatus
637 2680 784 2745 intende.
830 2681 893 2744 Per
906 2679 1105 2744 dominum.t

564 2852 626 2918 Ad
635 2853 863 2938 complendum.

307 2976 468 3043 Salutaris
488 2978 546 3054 tui,
561 2979 705 3058 domine,
721 2999 856 3044 munere
876 2979 986 3045 satiati
1002 2980 1167 3063 supplices

265 3097 438 3142 exoramus
459 3076 515 3143 ut⁴
530 3099 671 3163 quorum
686 3079 838 3144 laetamur
856 3090 955 3163 gustu
971 3099 1167 3145 renouemur

265 3176 389 3243 effectu.
436 3179 522 3242 Pera

352 3417 451 3484 alst.
466 3419 526 3485 ltal
540 3419 593 3486 inl
626 3419 739 3486 Matala
754 3425 923 3486 annnorum
936 3421 1076 3500 emanti.

618 3519 645 3578 rt
659 3513 783 3595 protasii
792 3516 813 3577 ⁵.

303 3649 404 3726 Deus,
429 3649 486 3732 qui
510 3669 571 3713 nos
592 3669 703 3712 annua
725 3657 914 3714 sanctorum
936 3654 1070 3712 tuorum
1090 3666 1164 3730 ger·

261 3750 339 3814 uasii
350 3750 363 3789 ⁸
375 3759 408 3814 et
426 3749 587 3834 protasii⁸
605 3747 828 3813 sollemnitate
846 3745 1004 3824 laetificas,
1020 3748 1164 3812 concede

261 3851 419 3934 propitius
434 3858 471 3914 ut
491 3869 632 3931 quorum
652 3848 837 3932 gaudemus
860 3847 985 3911 meritis
1002 3847 1163 3911 accenda-

261 3970 331 4014 mur
346 3947 519 4032 exemplis.
564 3948 626 4012 Per
641 3949 837 4012 dominum.t

292 4155 299 4186 ¹
316 4156 371 4207 Gel.
383 4172 408 4222 p.
421 4157 477 4219 648.
503 4158 609 4207 Secreta.
630 4156 736 4206 Munera
748 4154 802 4215 tibi,
812 4154 922 4216 domine,
932 4154 1016 4205 dicata
1026 4153 1161 4212 muctifica,

259 4241 290 4296 et,
302 4235 467 4286 intercedente
482 4235 558 4285 beato
569 4235 624 4284 nito
640 4240 748 4298 martyre
765 4239 816 4294 tno,
829 4248 874 4299 per
888 4233 976 4283 eadem
987 4249 1033 4284 nos
1049 4233 1162 4300 placatus

258 4313 362 4364 intende.
388 4315 436 4364 Per
446 4295 576 4362 dominum
587 4319 708 4362 nostrum.
726 4311 753 4362 Z.

290 4392 416 4454 Praefatio.
456 4391 528 4441 Beati
547 4391 594 4440 uiti
616 4390 737 4456 martyrio
760 4389 906 4455 gloriantes,
926 4390 967 4440 cui
988 4389 1161 4439 admirandam

257 4470 362 4533 gratiam
376 4471 402 4519 in
413 4475 498 4522 tenero
513 4469 596 4520 adhue
607 4484 718 4533 corpore,
731 4474 756 4518 et
767 4467 873 4518 necdum
889 4467 956 4518 uirili
973 4483 1043 4518 more
1055 4475 1160 4527 maturo,

1437 585 1545 684 nat.
1564 591 1614 680 ὦ.
1633 591 1791 679 liburnia
1804 596 1914 690 itant.

2061 619 2129 696 145

1610 792 1749 860 Secreta.

1270 913 1413 992 oblatis,-
1423 936 1613 998 quesumus,
1623 918 1769 998 domine,
1784 920 1917 1003 placare
1932 921 2131 1004 muneribus,

1225 1022 1268 1093 et,
1291 1015 1572 1082 intercedentibus
1601 1020 1725 1085 sanctis
1751 1023 1817 1086 tuis
1827 1020 1849 1096 ¹,
1875 1042 1896 1089 a
1918 1023 2043 1089 cunctis
2070 1044 2131 1089 nos

1224 1111 1368 1179 deiende
1382 1115 1543 1199 periculis.
1587 1117 1675 1182 Pera

1586 1301 1760 1385 Proesatrb.

1268 1422 1310 1488 U.
1318 1423 1428 1507 D.per
1436 1422 1595 1491 christum
1605 1427 1777 1493 dominum
1788 1437 1946 1494 nostrum.
1967 1429 2030 1494 Pro
2039 1431 2130 1497 cuius

1223 1523 1366 1586 nominis
1388 1523 1595 1592 consessione
1609 1527 1700 1594 beati
1719 1537 1882 1611 martyres
1903 1531 2073 1612 gemasius
2095 1541 2130 1596 et

1222 1623 1387 1704 protasius
1408 1625 1509 1707 passi,
1530 1626 1564 1689 in
1586 1627 1710 1692 caelesti
1736 1629 1871 1713 regione
1897 1631 2029 1695 aetemis
2055 1651 2130 1714 per·

1222 1719 1372 1786 fruuntur
1405 1724 1545 1807 gaudiis,
1582 1735 1616 1790 et
1649 1747 1710 1810 pro
1744 1749 1858 1792 eorum
1892 1727 2044 1794 sollemni
2079 1751 2129 1794 re-

1222 1822 1412 1888 cordatione
1424 1824 1563 1890 ecclesia
1578 1826 1739 1910 religiosis
1754 1826 1885 1894 exultat
1900 1829 2023 1894 officiis.
2067 1831 2130 1895 Per
2170 1829 2175 1844 '

1222 1921 1354 2002 quem².
1461 1965 1463 1967 -

1526 2011 1588 2076 Ad
1598 2013 1827 2096 compbndum.

1266 2133 1351 2200 Haec
1366 2155 1427 2199 nos
1442 2131 1642 2215 communio,
1655 2139 1799 2215 domine,
1811 2146 1931 2224 purget
1945 2157 1966 2202 a
1981 2139 2126 2218 crimine,

1221 2240 1263 2309 et,
1280 2233 1562 2301 intercedentibus
1584 2239 1708 2304 sanctis
1731 2238 1805 2314 tuis,
1822 2237 1965 2304 caelestis
1988 2240 2126 2306 remedii

1220 2331 1319 2398 saciat
1334 2355 1407 2400 esse
1421 2344 1599 2402 consortes.
1645 2338 1708 2403 Per
1722 2338 1919 2432 dominum.⁷

1241 2563 1376 2630 aaran.
1389 2523 1450 2632 au
1464 2567 1515 2634 ar.
1551 2568 1670 2650 mnus
1683 2569 1780 2636 asnar
1794 2569 1930 2646 manna
1944 2569 2105 2651 intratsi

1263 2697 1397 2779 Praesta,
1412 2720 1601 2785 quesumus,
1611 2703 1825 2786 omnipotens
1840 2703 1931 2783 deus,
1946 2711 1984 2767 ut
1999 2702 2125 2770 familia

1219 2805 1276 2860 tua
1298 2818 1358 2880 per
1379 2799 1468 2864 uiam
1494 2800 1610 2866 salutis
1637 2803 1780 2880 incedat,
1803 2812 1838 2868 et
1859 2802 1949 2867 beati
1971 2800 2124 2868 iohannis

1218 2900 1417 2979 precursoris
1438 2898 1650 2966 hortamenta
1671 2904 1841 2978 sectando,
1858 2903 1902 2967 ad
1922 2922 1998 2966 eum
2021 2922 2122 2985 quem

1218 2997 1364 3078 predixit
1379 3017 1494 3064 secura
1508 3001 1690 3084 pemeniat.
1736 3002 1799 3065 Per
1813 3001 2012 3068 dominum.⁷

1598 3180 1740 3247 Secreta.

1261 3302 1410 3380 Munera,
1434 3305 1578 3384 domine,
1604 3306 1720 3372 oblata
1743 3306 1921 3383 sanctifica,
1949 3315 1992 3388 et,
2018 3308 2118 3373 inter-

1217 3401 1356 3468 cedente
1377 3404 1478 3469 beato
1501 3405 1644 3472 iohanne
1666 3407 1822 3490 baptista,
1839 3428 1901 3471 nos
1923 3427 1983 3490 per
2004 3406 2077 3472 haec
2098 3429 2119 3471 a

1216 3512 1429 3584 peccatorum
1444 3515 1632 3571 nostrorum
1649 3507 1786 3574 maculis
1802 3507 1955 3572 emunda.
1997 3507 2085 3572 Per.t

1580 3687 1757 3769 Proesatab.

1259 3806 1304 3873 U.
1335 3809 1379 3873 D.
1410 3819 1535 3876 aeterne
1564 3811 1657 3876 deus.
1714 3812 1924 3878 Exhibentes
1956 3813 2117 3879 sollemne

1214 3906 1379 3986 ieiunium,
1406 3932 1473 3994 quo
1498 3912 1588 3976 beati
1615 3911 1767 3977 iohannis
1796 3912 1942 3997 baptiste
1967 3914 2117 3979 natalitia

1214 4009 1434 4089 preuenimus.
1481 4009 1582 4076 Cuius
1611 4013 1743 4096 genitor
1767 4013 1848 4076 dum
1879 4033 1955 4077 eum
1984 4013 2117 4078 dubitat

1213 4109 1424 4186 naseitumm‚
1462 4112 1623 4176 sermonis
1663 4112 1775 4176 amisit
1812 4113 1965 4192 officium,
1998 4123 2041 4190 et,
2076 4133 2118 4177 eo

1214 4217 1379 4288 nascente,
1402 4218 1435 4274 et
1457 4211 1618 4275 sermonis
1647 4233 1743 4277 usum
1770 4222 1805 4277 et
1836 4211 2020 4297 prophetiae
2045 4233 2116 4276 sus·

1212 4308 1301 4390 cepit
1326 4307 1462 4373 donum.
1519 4310 1620 4375 Cuius
1646 4312 1809 4396 genetrix,
1836 4312 1929 4376 senio
1957 4310 2115 4391 conlecta,

1211 4406 1386 4473 sterilitate
1409 4418 1546 4489 mutata,
1570 4410 1603 4474 in
1628 4411 1698 4475 eius
1723 4421 1887 4494 conceptu
1914 4431 1981 4476 non
2006 4411 2114 4476 solum

257 4547 372 4599 ,inm
385 4547 442 4599 fidei
453 4555 478 4598 et
490 4545 800 4614 parienriaenrtirudinem
812 4545 936 4603 tribuisti3
951 4554 979 4596 „t
991 4545 1094 4597 saeuiriae
1106 4561 1159 4610 per-
1211 4505 1421 4573 sterilitatem
1442 4509 1562 4588 amisit,
1585 4509 1823 4575 secunditatem
1845 4511 2034 4593 adquisiuit,
2055 4512 2114 4575 sed

256 4627 373 4677 semtoris
390 4642 440 4677 non
457 4625 553 4676 cederet
570 4625 710 4675 constantia
727 4623 844 4688 puerilise
868 4630 893 4674 et
910 4624 976 4675 inter
995 4623 1085 4674 acerbe
1100 4639 1158 4689 sup·
1211 4607 1312 4670 eliam
1327 4607 1478 4690 spiritum
1500 4618 1661 4686 sanctum,
1676 4630 1745 4693 quo
1768 4618 1909 4674 matrem
1931 4609 2058 4673 donini
2079 4619 2114 4674 et

257 4703 384 4767 pliciauec
393 4720 464 4754 sensu
476 4703 559 4768 potuit
568 4703 661 4764 terreri,
671 4717 717 4752 ¹¹0⁰
728 4701 810 4767 frangi
819 4706 901 4762 aare,
911 4711 940 4753 ut
947 4699 1080 4768 gloriosior
1090 4700 1160 4753 fieret
1210 4705 1383 4772 saluatoris
1397 4717 1601 4792 agnosceret,
1617 4709 1756 4793 accepit.
1802 4709 1866 4772 Per
1880 4728 1980 4792 quern
1990 4706 2013 4774 ⁴.

256 4781 513 4846 etcoronarnartyrii.
538 4778 650 4832 Etideo.
669 4779 697 4832 Z.

1510 4882 1572 4948 Ad
1582 4883 1810 4967 complendum.

288 4858 300 4888 ¹
314 4859 370 4912 cen
382 4877 408 4926 p.
420 4858 478 4927 ⁶4⁸.

287 4937 298 4968 ⁸
313 4949 339 4988 Α.
350 4937 423 4988 Salus
434 4944 526 4988 antem.

1253 5005 1349 5072 Beati
1373 5006 1524 5074 iohannis
1544 5009 1692 5092 baptiste
1714 5029 1785 5084 nos,
1801 5006 1946 5082 domine,
1964 5003 2112 5091 preclara

765 4947 810 4988 AL.
822 4936 887 4986 lusti
897 4935 1034 5002 epulentur.

315 5027 351 5066 Ps.
363 5016 425 5066 Noli
437 5016 548 5068 emulari.
765 5026 809 5065 οἳ.
822 5014 914 5064 Anima
925 5021 1017 5064 nostra.

313 5105 340 5146 R.
352 5095 477 5145 Iustorum
488 5095 585 5146 animae.
765 5104 809 5145 co.
828 5094 909 5142 Amen
923 5092 982 5142 dico
1002 5092 1075 5143 uobis
1090 5093 1159 5158 quod

313 5183 340 5224 v.
355 5173 410 5225 Uisi
421 5180 480 5224 sunt
491 5173 576 5225 oculis.
846 5187 909 5220 umis
919 5186 950 5220 ex
961 5170 1077 5224 minimis.

286 5250 297 5280 ⁴
312 5265 332 5302 ψ
350 5251 564 5303 Intercedentibus
574 5250 667 5301 ametis
678 5265 763 5300 marco
774 5255 800 5300 et
811 5249 973 5300 marcelliano
984 5250 1018 5304 Y.

285 5328 297 5362 ⁵
312 5341 338 5380 Α.
355 5329 484 5396 Loquetur
501 5329 617 5380 dominus
637 5344 680 5394 pa·
765 5339 791 5377 v.
803 5327 913 5378 Dextera
925 5335 976 5380 tua.

385 5423 448 5459 cern.
765 5417 808 5456 nt.
821 5405 859 5456 Te
870 5413 1013 5471 martyrum.

312 5497 349 5538 1³8.
362 5485 521 5547 Benedixisti,
532 5484 641 5539 domine
765 5495 809 5536 οἳ.
820 5484 952 5536 letamini.

313 5577 338 5615 ι
352 5563 484 5615 Gloriosus
496 5562 563 5616 deus.
764 5573 808 5615 00.
820 5562 967 5616 Posuenrut.

283 5641 319 5676 ‘⁴
333 5641 411 5695 Soli.
424 5641 463 5701 0;
480 5640 862 5709 ProtasiietgeruasiiBodV.

1784 5171 1794 5201 ¹
1810 5173 1842 5224 Ο.
1854 5188 1879 5237 p.
1892 5184 1948 5236 ³²³·
1960 5173 1987 5222 7.

1718 5261 1761 5301 co,
1773 5250 1869 5317 Magna
1879 5256 1925 5302 est.

1719 5329 1791 5392 (nuc.
1813 5329 1920 5379 Factum
1943 5333 1980 5378 est
2006 5328 2111 5380 uerbum

1832 5406 1937 5458 domini.

1718 5495 1763 5536 nv.
1775 5485 1833 5536 Fuit
1844 5485 1871 5536 in
1882 5485 1993 5550 diebus).

1242 5171 1252 5202 ¹
1269 5186 1288 5224 ψ
1306 5171 1429 5223 Geruasio
1440 5181 1464 5224 et
1476 5174 1589 5238 protasio
1600 5174 1631 5227 ll.

1240 5250 1251 5281 ¹
1267 5263 1293 5302 Α.
1306 5250 1346 5300 Ne
1358 5251 1455 5303 timeas.

1269 5341 1306 5381 rs.
1318 5329 1435 5388 Domine,
1446 5331 1472 5380 in
1484 5329 1583 5381 uirtute.

1268 5419 1294 5458 k
1307 5408 1367 5459 Fuit
1376 5408 1461 5462 bomo.

1271 5497 1298 5536 v.
1310 5487 1346 5538 Ut
1357 5487 1535 5538 testimonium.

1268 5574 1311 5614 or.
1324 5563 1413 5616 Gloria
1424 5573 1458 5617 et.

1241 5639 1252 5672 ⁴
1266 5641 1298 5694 0.
1309 5657 1336 5709 p.
1348 5657 1413 5711 324;
1431 5643 1464 5696 Y.
1474 5642 1518 5695 sol.
1530 5655 1561 5711 95
1569 5643 1595 5696 b.
1605 5643 1632 5694 Z.

1833 5750 1859 5804 U
