5116 6608
1144 591 1221 675 &ht
1246 591 1326 666 tuen
1349 587 1448 664 out
1472 590 1504 666 oi
1524 589 1652 679 fflttbp.

480 610 553 684 274

476 791 598 852 uulnera
611 802 709 852 nostra
726 793 916 862 committere,
932 792 981 870 qui
1000 801 1028 852 te
1050 791 1209 852 animarum
1231 793 1378 852 medicum
1431 791 1555 852 because
1570 791 1619 851 tbe
1633 790 1723 851 saints
1738 790 1847 850 named
1861 791 1892 848 in
1905 787 1953 849 the
1974 788 2053 866 body
2068 789 2103 849 oi
2120 789 2168 848 the
2190 789 2328 862 Collects,

477 887 735 946 clementissimum
756 905 829 958 esse,
852 898 880 947 et
904 905 960 947 nos
983 906 1019 947 ex
1047 897 1148 948 nostro
1170 887 1258 947 nichil
1281 895 1379 965 preter
1431 885 1472 945 St.
1487 885 1630 964 Alphege,
1653 885 1694 944 St.
1709 883 1852 954 Dunstan‚
1869 883 1909 942 St.
1926 883 2064 954 swithun,
2086 884 2170 942 assist
2190 884 2220 942 in
2241 883 2328 945 local-

477 981 558 1057 quod
571 981 671 1057 fragile
692 991 721 1040 et
742 982 836 1041 debile
858 983 1029 1041 esthabere
1050 982 1247 1058 agnoscimus.
1288 979 1377 1040 Unde
1429 981 1506 1056 izing
1516 981 1566 1040 the
1578 979 1643 1039 MS.
1653 989 1683 1039 to
1694 979 1743 1038 the
1751 979 1889 1056 province
1903 977 1940 1038 ol
1950 977 2131 1057 Canterbury
2142 977 2200 1038 and
2211 978 2327 1040 diocese

476 1085 504 1134 te
518 1074 677 1134 humillime
692 1077 825 1153 petimus,
839 1088 871 1136 ut
885 1088 1019 1137 sanctum
1038 1072 1221 1136 swidhunum
1236 1077 1286 1135 tibi
1301 1095 1377 1153 pon·

475 1168 583 1228 tificem
598 1171 765 1247 pretiosum,
780 1181 809 1230 et
826 1170 855 1229 in
870 1171 1015 1230 miraculis
1032 1171 1192 1247 gloriosum
1214 1187 1267 1246 pro
1288 1172 1375 1232 nobis

417 1277 420 1284 ’
474 1262 564 1322 saclas
592 1282 730 1336 exorarc;
764 1267 845 1325 cuius
870 1265 1044 1325 confidimus
1072 1283 1128 1324 nos
1155 1283 1245 1342 posse
1273 1267 1376 1324 merita

474 1357 595 1417 saluare.
649 1357 801 1418 Memento
829 1377 917 1436 quam
945 1359 1081 1436 suffragia
1108 1377 1217 1428 sumus,
1239 1367 1268 1417 et
1292 1369 1375 1419 tanto

474 1452 598 1528 amplius
615 1471 671 1512 nos
693 1454 809 1512 adiuuet
830 1465 879 1513 tua
900 1454 1105 1524 misericordia,
1121 1464 1230 1531 quanto
1251 1454 1375 1530 amplius

473 1557 574 1605 nostra
601 1547 707 1606 cotidie
734 1549 837 1608 crescit
864 1549 987 1608 miseria.
1037 1549 1076 1607 Et
1104 1549 1173 1626 quia
1200 1549 1295 1626 magis
1322 1548 1374 1607 tibi

473 1641 568 1717 placet
582 1653 613 1700 ut
628 1643 789 1719 peccatoris
810 1643 882 1702 salui
903 1643 974 1702 fiant
995 1661 1083 1721 quam
1101 1654 1230 1720 pereant,
1248 1661 1286 1702 ne
1308 1662 1373 1719 per·

472 1736 571 1794 mittas
593 1754 648 1795 nos
673 1737 797 1813 amplius
821 1738 923 1814 perire,
946 1737 997 1796 sed
1019 1737 1063 1797 lac
1085 1737 1191 1796 deuia
1215 1737 1372 1814 iniquitatis

471 1839 570 1905 nostre
580 1830 617 1890 ad
629 1831 763 1890 iustitiam
775 1843 854 1891 tuam
866 1833 966 1902 redire,
977 1843 1005 1892 et
1017 1833 1136 1908 dignare
1148 1850 1203 1890 nos
1215 1833 1370 1908 suscipere,

471 1932 501 1982 et
514 1925 544 1982 in
559 1925 683 1986 brachiis
697 1926 893 2000 misericordie
908 1937 956 2000 tue
971 1926 1123 1985 custodire.
1147 1924 1186 1983 Et
1199 1925 1270 1985 dum
1285 1927 1371 1986 nobis

470 2017 526 2092 hec
541 2018 685 2091 deiecerit,
701 2021 838 2096 angelum
853 2031 987 2080 sanctum
1001 2031 1083 2079 tuum
1101 2022 1167 2079 iube
1188 2038 1244 2080 nos
1266 2021 1370 2097 perdu-

471 2131 538 2172 cere
560 2113 598 2172 ad
619 2113 689 2173 illud
709 2114 869 2191 gloriosum
884 2133 1016 2191 regnum,
1031 2116 1111 2193 quod
1128 2115 1260 2174 fidelibus
1275 2117 1370 2174 omni·

469 2207 524 2266 bus
538 2208 703 2283 promisisti
747 2208 802 2268 Per
816 2209 963 2268 christum.

515 2299 685 2360 Communia
711 2301 817 2362 Fidelis
846 2321 947 2362 seruus
972 2313 1001 2362 et
1029 2301 1157 2379 prudens
1183 2321 1272 2380 quem
1297 2321 1369 2364 con·

470 2395 560 2454 stituit
583 2397 719 2456 dominus
744 2414 831 2474 super
852 2396 991 2456 familiam
1013 2416 1105 2468 suam,
1126 2407 1158 2456 ut
1182 2397 1232 2458 det
1257 2397 1310 2456 illis
1338 2398 1369 2457 in

469 2499 602 2567 tempore
620 2491 681 2550 trici
695 2508 841 2551 mensura.

803 2637 1030 2695 postcommunio.

509 2751 600 2825 Deus,
615 2755 664 2832 qui
681 2754 718 2814 ad
732 2755 870 2814 decorem
891 2755 1012 2830 ecclesie
1026 2766 1075 2829 tue
1089 2765 1222 2814 sanctum
1237 2755 1368 2815 suuithu-

469 2866 540 2906 num
555 2848 697 2924 presulem
710 2849 855 2908 miraculis
866 2849 957 2908 iecisti
967 2849 1124 2927 glorianter
1132 2849 1246 2909 rutilare
1254 2870 1262 2923 ς
1278 2851 1367 2926 ipsius

468 2959 523 3018 pro
545 2943 653 3001 meritis
670 2944 755 3002 nobis
777 2955 963 3020 peccatorum
986 2943 1068 3003 detur
1081 2944 1221 3015 remissio,
1237 2954 1265 3003 et
1279 2945 1367 3004 totius

466 3035 545 3110 bone
559 3036 715 3095 uoluntatis
729 3036 853 3110 iniusi03
876 3055 989 3115 nosque
1011 3048 1078 3114 post
1099 3037 1175 3097 hanc
1195 3038 1285 3097 uitam
1305 3057 1367 3098 sus·

466 3129 553 3205 cipiat
574 3130 733 3206 paradisus,
748 3131 797 3189 ubi
812 3149 866 3190 nos
881 3150 1003 3208 regnum
1018 3140 1150 3206 eternum
1167 3141 1233 3192 tuus
1247 3150 1366 3209 compa-

466 3223 539 3283 rauit
554 3225 672 3301 sanguis
685 3225 836 3302 pretiosus
879 3225 941 3285 Per.

505 3457 603 3524 lliiilll.
616 3459 676 3525 itai.
692 3477 780 3540 agna.
815 3459 921 3526 Sancti
934 3461 1013 3525 alani
1027 3461 1105 3540 regis
1119 3466 1145 3525 rt
1158 3461 1297 3542 mactetis
1306 3461 1326 3526 ¹.

506 3603 597 3677 Deus,
610 3624 712 3683 regum
727 3624 837 3666 corona
851 3617 879 3665 et
893 3606 1041 3665 martirum
1055 3607 1181 3679 uictoria,
1197 3625 1294 3666 annue
1308 3624 1363 3666 nos

465 3699 542 3758 beati
556 3699 631 3759 olaui
645 3719 680 3759 ac
694 3701 815 3760 martiris
837 3702 916 3779 apud
937 3710 964 3760 te
986 3703 1035 3778 pia
1051 3701 1173 3778 experiri
1193 3702 1362 3777 patrocinia,

465 3804 498 3852 ut
512 3811 563 3870 per
576 3804 655 3853 tuam
669 3813 758 3871 quam
772 3795 802 3854 in
819 3796 882 3856 eius
903 3795 1099 3872 glorificamus
1121 3798 1258 3873 passione
1279 3814 1361 3874 mag-

465 3887 641 3947 nificentiam
662 3906 802 3947 coronam
824 3889 883 3964 uite
904 3889 1087 3966 diligentibus
1112 3900 1141 3950 te
1168 3890 1363 3968 percipiamus

464 3981 658 4058 percipiamus
671 3983 885 4060 repromissam.
927 3982 990 4042 Per.

852 4129 970 4190 Secreta.

504 4245 724 4306 Inscrutabilem
744 4249 847 4308 secreti
865 4248 906 4308 tui
924 4248 1058 4307 uirtutem
1078 4247 1203 4324 trepitidi
1224 4247 1362 4325 implora·

463 4356 538 4411 mus,
553 4341 740 4417 omnipotens
761 4353 850 4419 pater,
865 4341 918 4401 has
937 4341 1043 4400 electas
1065 4341 1102 4401 ad
1123 4351 1254 4401 sanctam
1276 4342 1361 4402 sacri·

463 4433 560 4493 ficium
583 4446 728 4495 creaturas
751 4437 781 4494 in
810 4453 917 4512 corpus
941 4447 971 4494 et
995 4436 1167 4512 sanguinem
1195 4436 1292 4495 christi
1320 4437 1361 4496 tui

463 4528 500 4588 de
514 4528 578 4587 celo
593 4529 763 4601 sanctifices,
778 4539 807 4589 et
821 4531 1015 4589 interuentum
1037 4530 1129 4588 sancti
1143 4529 1221 4589 olaui
1235 4531 1311 4606 regis
1325 4549 1360 4590 ac

461 4623 585 4682 martiris
599 4624 684 4684 nobis
698 4625 728 4682 in
743 4623 866 4684 salutem
886 4627 945 4684 uite
958 4633 988 4684 et
1001 4625 1097 4698 anime
1119 4624 1275 4701 prouenire
1289 4642 1360 4684 con·

461 4717 557 4776 cedas
599 4717 661 4776 Per.

795 4800 1022 4860 Pmlcommunr'o.

501 4914 605 4976 Vitalis
623 4916 719 4992 hostie
739 4919 818 4977 uerbi
840 4936 909 4978 caro
931 4918 997 4978 iacti
1019 4918 1123 4978 delicta
1143 4916 1292 4978 refocillati
1306 4936 1358 4995 per

459 5009 565 5086 ipsum,
580 5021 608 5069 et
622 5029 674 5088 per
688 5011 824 5090 suffragia
838 5013 1013 5072 sanctissimi
1033 5012 1111 5071 olaui
1131 5012 1207 5088 regis
1227 5030 1262 5071 ac
1282 5030 1358 5071 mar·

459 5103 520 5164 tiris
536 5106 584 5174 tui,
600 5107 821 5183 omnipotentie,
833 5107 914 5176 deus,
926 5108 1114 5166 obsecramus
1129 5105 1316 5178 reconciliari,
1325 5115 1357 5165 ut

460 5199 600 5273 presentis
610 5199 668 5258 uite
679 5201 838 5260 commoda
851 5199 967 5278 perfrui,
979 5209 1008 5258 et
1017 5209 1115 5260 eterne
1126 5199 1207 5276 digni
1217 5200 1356 5259 abeamus

459 5292 631 5368 participari.
673 5292 737 5353 Per.

499 5447 567 5510 The
587 5461 645 5512 two
667 5451 815 5530 following
836 5451 953 5513 Masses
976 5452 1050 5513 bave
1070 5455 1146 5513 been
1167 5452 1356 5527 transcribed,

826 5645 834 5677 ¹
850 5646 918 5712 Pege
931 5645 986 5700 162.

1429 1073 1465 1133 ol
1476 1073 1657 1135 Winchester
1666 1091 1716 1132 :—

1656 1333 1786 1417 {leupus
1800 1335 1895 1402 missa
1908 1337 2067 1401 amabatis
2076 1336 2098 1392 ¹.

1468 1481 1598 1558 Suscipe,
1621 1482 1749 1554 domine,
1770 1492 1840 1542 uota
1861 1483 2002 1542 labiorum
2023 1501 2135 1554 eorum,
2150 1491 2179 1542 et
2194 1499 2266 1542 sana
2279 1482 2322 1540 in-

1426 1577 1529 1635 teriora
1542 1576 1695 1634 uulnerum
1711 1595 1812 1635 eorum
1828 1577 1988 1636 secundum
2009 1595 2149 1654 magnam
2164 1576 2323 1635 misericor·

1425 1669 1502 1728 diam
1521 1679 1609 1741 tuam,
1624 1679 1653 1728 et
1666 1670 1873 1730 interueniente
1894 1671 1979 1729 beate
2000 1670 2047 1730 dei
2068 1671 2213 1748 genitricis
2234 1670 2324 1744 marie

1424 1765 1536 1835 merito,
1552 1765 1702 1841 sanctique
1723 1765 1796 1842 petri
1818 1765 1957 1842 principis
1978 1764 2187 1841 apostolorum,
2206 1781 2324 1823 necnon

1424 1867 1453 1915 et
1477 1868 1593 1918 tuorum
1618 1858 1775 1930 benedicti,
1797 1860 1919 1931 martini,
1942 1855 2086 1918 swidhuni
2111 1857 2322 1928 confessorum,

1423 1953 1614 2029 omniumque
1636 1963 1803 2012 sanctorum
1824 1953 1969 2030 suffragio,
1984 1953 2072 2012 michi
2087 1963 2116 2012 et
2132 1952 2246 2012 famulis
2267 1951 2323 2010 tuis

1423 2046 1622 2106 sacerdotibus
1637 2059 1733 2123 presta
1747 2048 1947 2107 remissionem
1968 2057 2165 2125 peccatorum,
2181 2056 2210 2106 et
2223 2046 2323 2106 electis

1422 2143 1477 2200 tuis
1492 2157 1549 2200 nos
1563 2142 1709 2219 coniunge
1724 2142 1754 2200 in
1768 2159 1860 2218 regno
1874 2141 2012 2202 celorum.
2054 2141 2159 2201 Amen.

1815 2309 1934 2370 Secreta.

1463 2416 1539 2477 Haec
1560 2417 1677 2489 oblatio,
1693 2417 1820 2490 domine,
1835 2417 2044 2477 interueniente
2066 2419 2151 2477 beate
2173 2415 2219 2476 dei
2240 2418 2322 2494 geni·

1421 2511 1499 2571 tricis
1520 2513 1610 2587 marie
1629 2514 1741 2583 merit0,
1757 2513 1906 2589 sanctique
1924 2513 1998 2589 petri
2012 2511 2150 2588 principis
2171 2511 2323 2587 apostolo·

1420 2623 1494 2676 rum,
1520 2624 1637 2665 necnon
1659 2615 1688 2664 et
1712 2618 1827 2664 tuorum
1852 2605 2005 2676 benedicti,
2028 2605 2152 2672 martini,
2176 2600 2322 2663 swidhuni

1420 2699 1630 2769 confessorum,
1645 2701 1835 2776 omniumque
1849 2710 2017 2758 sanctorum
2032 2699 2181 2774 suffragio
2197 2698 2235 2757 sd
2255 2717 2322 2775 per-

1419 2803 1537 2871 petuam
1559 2794 1630 2853 mihi
1657 2794 1789 2872 proficiat
1816 2793 2043 2871 indulgentiam
2073 2804 2101 2852 et
2122 2792 2321 2853 sacerdotibus

1420 2906 1474 2965 pro
1489 2889 1594 2966 quibus
1607 2889 1769 2947 interuenio
1783 2887 1992 2947 sufficientiam.
2035 2887 2099 2946 Per.

1798 3057 1939 3134 Presalr'o.

1460 3174 1498 3234 U.
1513 3175 1550 3234 D.
1566 3187 1673 3236 aeteme
1688 3175 1769 3236 deus.
1812 3175 1872 3249 Qui
1886 3195 2002 3254 semper
2016 3186 2133 3253 paratus
2148 3194 2180 3235 es
2194 3175 2321 3235 tribuere

1420 3269 1501 3347 quod
1522 3269 1584 3348 ipse
1609 3271 1699 3342 iubes,
1722 3279 1812 3347 petre.
1854 3269 1942 3330 Unde
1967 3270 2108 3348 deprecor
2131 3279 2171 3342 ut,
2191 3269 2319 3329 interue-

1420 3365 1518 3423 niente
1531 3366 1615 3423 beate
1629 3365 1675 3424 dei
1686 3365 1833 3440 genitricis
1848 3365 1939 3440 marie
1953 3366 2064 3436 merit0,
2080 3365 2231 3442 sanctique
2245 3365 2319 3440 petri

1419 3459 1556 3535 principis
1584 3459 1792 3536 apostolorum,
1821 3476 1937 3518 necnon
1965 3469 1994 3518 et
2022 3467 2137 3518 tuorum
2162 3458 2318 3531 benedicti,

1417 3553 1540 3624 martini,
1556 3548 1698 3611 swidhuni
1720 3552 1930 3625 consessorum,
1946 3553 2135 3629 omniumque
2150 3562 2319 3611 sanctorum

1417 3645 1564 3723 suffragia,
1578 3647 1670 3724 gratia
1684 3656 1733 3706 tua
1751 3665 1798 3705 me
1819 3647 1850 3704 in
1871 3647 2008 3706 omnibus
2022 3655 2165 3723 protegat,
2180 3645 2253 3705 etin
2267 3646 2319 3704 uia

1415 3749 1464 3798 tua
1478 3757 1593 3816 semper
1607 3741 1718 3816 dirigat,
1731 3751 1760 3799 et
1774 3739 1888 3799 famulis
1902 3741 1958 3800 tuis
1973 3740 2172 3800 sacerdotibus
2187 3739 2272 3800 huius
2285 3749 2320 3799 et

1414 3842 1513 3909 eterne
1525 3835 1585 3894 uite
1599 3852 1739 3912 prospera
1754 3835 1932 3913 multiplicet.
1975 3835 2030 3894 Per
2044 3852 2141 3912 quern.

1750 4006 1978 4066 postcommunio.

1455 4121 1587 4184 Caelestis
1600 4143 1702 4185 mense
1717 4123 1843 4197 relectio,
1859 4125 1986 4196 domine,
2001 4123 2210 4184 interueniente
2229 4123 2317 4183 beate

1414 4217 1461 4277 dei
1485 4219 1632 4295 genitricis
1655 4219 1745 4294 marie
1769 4220 1881 4292 merito,
1903 4219 2054 4295 sanctique
2079 4218 2152 4296 petri
2177 4218 2316 4296 principis

1414 4313 1622 4389 apostolorum,
1650 4331 1767 4372 necnon
1794 4322 1824 4371 et
1851 4322 1967 4371 tuorum
2001 4313 2155 4382 benedicti,
2189 4312 2316 4384 martini,

1413 4401 1556 4466 swibhuni
1579 4405 1789 4478 confessorum,
1812 4407 2003 4483 omniumque
2024 4416 2192 4465 sanctorum
2212 4405 2315 4464 suffra-

1412 4499 1471 4576 gio,
1486 4509 1614 4559 eternam
1636 4499 1723 4559 michi
1744 4499 1874 4558 conserat
1895 4500 2058 4570 sanitatem,
2073 4509 2102 4558 et
2116 4498 2316 4558 misericordia

1413 4603 1463 4651 tua
1476 4594 1660 4652 sacerdotum
1674 4603 1789 4652 tuorum
1803 4594 1882 4670 piam
1896 4594 1927 4652 in
1941 4593 2085 4663 omnibus,
2100 4611 2201 4672 queso,
2212 4609 2314 4653 corro-

1412 4687 1496 4745 boret
1510 4687 1697 4746 uoluntatem.
1738 4685 1802 4746 Per.

1580 4961 1693 5036 ffllssa
1708 4962 1813 5026 uotiua
1826 4978 1878 5044 pto
1893 4961 1982 5026 ando
1995 4959 2140 5028 arunte.

1450 5111 1518 5171 Ant.
1540 5110 1637 5172 iustus
1651 5130 1692 5182 es,
1707 5111 1835 5171 domine.
1860 5107 1925 5170 Rel.

1450 5204 1620 5266 Inmensam
1638 5216 1667 5265 et
1685 5206 1854 5276 indebitam,
1869 5205 2058 5282 omnipotens
2077 5204 2158 5275 deus,
2172 5203 2313 5281 pietatem

1408 5310 1490 5359 tuam
1511 5299 1655 5359 humiliter
1671 5299 1859 5376 imploramus
1879 5310 1912 5360 ut
1933 5299 2073 5358 famulum
2093 5307 2176 5358 tuum
2191 5297 2242 5358 .N.
2264 5297 2311 5357 in-

1409 5403 1544 5454 teruentu
1562 5403 1662 5452 sancte
1676 5393 1723 5452 dei
1737 5393 1885 5470 genitricis
1896 5410 2067 5471 semperque
2077 5393 2198 5469 uirginis
2209 5394 2311 5468 marie,

1409 5497 1438 5546 et
1452 5488 1545 5548 sancti
1559 5487 1706 5559 dunstani,
1720 5497 1749 5546 et
1763 5487 1854 5548 sancti
1876 5486 2014 5560 aelseachi,
2029 5504 2147 5546 necnon
2168 5495 2198 5545 et
2217 5487 2312 5547 sancti

1540 5646 1550 5677 ¹
1566 5647 1634 5712 Page
1648 5644 1702 5712 1⁶4
2017 5643 2028 5676 ²
2043 5645 2110 5710 Paga
2124 5642 2180 5698 16⁶.
