5124 6608
410 571 456 642 82
733 631 738 644 .
785 563 936 657 fetiali.
1723 557 1825 650 ,little
1842 559 1886 633 itt

409 773 546 856 respice,
576 778 677 852 atque
706 765 750 829 ad
784 764 1010 829 defensionem
1044 768 1199 842 nostram,
1229 759 1313 824 dex·
1366 767 1460 822 tuam
1483 755 1646 838 benignus
1679 754 1823 836 infunde,
1849 767 1886 823 ut
1911 757 1995 824 sicut
2018 758 2061 823 ab
2086 761 2170 826 escis
2195 781 2265 826 car·

410 885 516 938 teram
531 882 598 938 tuae
614 865 796 932 maiestatis
812 865 966 929 extende.
1012 862 1099 926 Pera
1365 858 1496 922 nalibus
1518 855 1732 936 abstinemus,
1757 859 1806 923 ita
1831 879 1947 922 sensus
1976 880 2110 943 quoque
2136 871 2265 927 nostros

744 995 852 1078 Super
864 993 980 1058 oblata·
1364 979 1386 1022 a
1401 957 1511 1023 noxiis
1526 955 1732 1022 retrahamus
1748 957 1948 1025 excessibus.
1993 957 2080 1024 Penii

455 1115 540 1180 Haec
561 1112 681 1188 hostia,
705 1110 847 1186 domine,
866 1127 1056 1191 quesumus,
1076 1105 1214 1168 mundet
1237 1122 1314 1167 nos·
1748 1107 1889 1174 Secreta.

410 1229 462 1281 tra
477 1214 609 1290 delicta,
626 1222 660 1277 et
682 1211 877 1276 sacrificium
901 1207 1136 1272 celebrandum
1156 1204 1217 1270 tibi
1240 1223 1312 1269 cor·
1408 1207 1533 1272 Munus
1559 1208 1650 1291 quod
1681 1209 1750 1287 tibi,
1777 1210 1920 1287 domine,
1948 1219 2069 1276 nostrae
2098 1209 2266 1275 seruitutis

409 1336 491 1400 pora
506 1323 701 1395 mentesque
716 1308 908 1376 sanctificet.
954 1307 1016 1371 Per
1031 1305 1228 1372 dominumr
1363 1307 1540 1388 offerimus,
1555 1317 1591 1372 tu
1607 1308 1752 1373 salutare
1767 1310 1862 1375 nobis
1877 1311 1998 1394 pertice
2012 1320 2266 1376 sacramentum.

778 1436 950 1520 Praefatio.
1365 1409 1451 1474 Peri

454 1557 499 1622 U.
516 1556 559 1620 D.
582 1564 706 1618 aeteme
721 1553 813 1616 deus.
858 1550 904 1613 Et
919 1558 953 1613 te
967 1547 1160 1629 suppliciter
1175 1563 1313 1608 exorare
1727 1495 1900 1580 P'oesatw·

410 1668 446 1722 ut
462 1677 538 1722 cum
553 1652 752 1720 abstinentia
768 1651 927 1734 corporali
943 1669 1037 1714 mens
1053 1667 1185 1729 quoque
1201 1655 1313 1710 nostra
1408 1619 1453 1685 U·
1469 1620 1512 1684 D·
1527 1627 1651 1733 aelfm?
1666 1621 1759 1684 deus·
1794 1622 1841 1687 Εῒ
1856 1623 2067 1689 clementiam
2082 1632 2174 1688 tuam
2189 1643 2265 1688 cum

410 1778 524 1824 sensus
547 1756 690 1822 declinet
713 1753 863 1831 inlicitos,
886 1761 920 1817 et
946 1772 1021 1834 quae
1048 1759 1177 1813 terrena
1203 1747 1311 1812 delec-
1363 1721 1454 1784 ΟΜ
1469 1719 1712 1832 supplffiauf’sse
1732 1724 1866 1804 Pficaslr
1883 1733 1920 1788 ul
1942 1744 2001 1808 pes
2023 1723 2108 1787 hanc
2131 1723 2267 1787 leiusslO·

409 1859 538 1924 tatione
574 1855 758 1921 carnalibus
792 1852 898 1937 epulis
933 1853 1138 1934 abnegamus
1166 1847 1312 1928 humane
1364 1840 1436 1883 “¹¹¹¹
1472 1818 1718 1882 ⁰b⁵⁶ffl³¹¹t¹³m
1755 1832 1881 1936 Cseffcat
1917 1833 2039 1888 nostrae
2080 1822 2267 1887 deuotionis

410 1958 592 2023 uoluntatis
603 1956 713 2039 prauis
732 1953 968 2018 intentionibus
984 1959 1204 2032 amputemus,
1221 1946 1311 2031 Qua·
1363 1918 1520 1998 aeffectus,
1546 1927 1580 1982 et
1603 1926 1733 1982 ¹¹⁰⁵th
1756 1930 1906 1986 ²⁶t¹⁰¹¹0⁵
1929 1922 2100 2006 seligimus
2127 1932 2266 1988 0X0mel

410 2070 508 2124 tenus
523 2058 566 2122 ad
583 2064 698 2121 sancta
712 2062 901 2119 sanctorum
917 2051 1058 2116 fideliter
1072 2049 1313 2130 salubriterque
1364 2017 1509 2094 effectu&
1533 2017 1708 2099 QuallssuS,
1724 2028 1758 2084 te
1780 2022 1973 2098 auxiliante,
1993 2032 2028 2087 et
2050 2023 2093 2086 ab
2114 2021 2267 2086 humanis

410 2161 581 2246 capienda,
612 2155 814 2240 competenti
845 2156 965 2220 ieiunio
996 2153 1167 2217 ualeamus
1197 2149 1312 2232 aptari,
1364 2137 1496 2202 semper
1517 2115 1723 2183 “trahamur
1745 2121 1945 2234 excessibus,
1965 2130 1999 2186 et
2020 2121 2154 2235 m⁰f¹iti⁵
2174 2121 2266 2186 inhe'

1364 2238 1435 2282 rere
1472 2217 1654 2294 ualeamus,
1683 2228 1718 2282 te
1754 2219 1924 2304 largiente,
1961 2220 2157 2289 caelestibus.
2206 2221 2269 2287 Per

409 2272 505 2327 tanto
534 2261 629 2325 nobis
658 2257 740 2323 certi
777 2256 971 2339 propensius
1002 2254 1120 2334 iugiter
1149 2250 1311 2324 adiutura,
1424 2319 1432 2332 .
1533 2313 1544 2353 1

411 2371 537 2446 quanto
551 2359 707 2424 fuerimus
726 2378 839 2422 eorum
862 2354 1122 2420 institutionibus
1143 2351 1313 2435 gratiores.
1364 2318 1555 2383 ‘bustum’
1683 2402 1945 2471 Postcommum‘o

412 2462 474 2527 Per
488 2460 645 2526 christum
661 2457 834 2522 dominum
853 2453 1029 2520 nostrum¹.
1866 2519 1874 2534 ,
2121 2518 2130 2534 ‚
2185 2517 2193 2532 ,

1409 2517 1544 2594 Praesta,
1567 2535 1757 2598 quesumus,
1783 2529 1995 2601 omnipotens
2021 2527 2056 2583 et
2086 2537 2269 2582 misericors

771 2585 965 2650 Bemdmw·
1270 2691 1279 2706 .
1365 2617 1456 2696 deus,
1471 2624 1589 2697 utque
1611 2635 1668 2679 ore
1686 2616 1910 2701 contingimus
1928 2637 2011 2701 pura
2030 2628 2142 2683 mente
2159 2617 2268 2701 capia·

456 2701 679 2785 Omnipotens
708 2699 791 2763 deus
814 2699 1009 2762 ieiuniorum
1038 2704 1224 2760 uestrorum
1247 2711 1315 2755 uic·
1366 2737 1449 2780 mus·
1494 2716 1581 2780 ΡΜ
1627 2710 1737 2802 (Quos
1751 2711 1930 2806 iei[unio].)

411 2803 511 2869 timas
521 2800 706 2896 *clementer
719 2798 869 2880 accipiat,
885 2806 919 2862 et
934 2817 993 2860 sua
1008 2815 1068 2860 iios
1082 2793 1315 2860 benedictione

410 2903 530 2987 dignos
545 2900 675 2964 efficiat.
720 2895 844 2962 Amen.
1704 2891 1932 2975 Adpopulum.

456 3000 590 3065 Mentes
619 3009 746 3062 uestras
776 2997 823 3062 lla
853 2994 1052 3079 pafslmfflfii
1081 2992 1172 3106 b0¹¹<{
1200 3001 1316 3106 §Omra
1410 3013 1596 3079 Subueniat
1618 3014 1722 3094 nobis,
1740 3016 1884 3097 domine,
1900 3017 2124 3082 misericordia
2145 3025 2213 3096 tua,
2231 3025 2269 3080 ut

411 3104 492 3167 uilla
514 3100 651 3174 munlalr
667 3107 901 3181 PfeCCPtOfflm
916 3115 1050 3160 sumum
1068 3094 1227 3158 d0⁶lf¹¹¹¹⁸
1243 3111 1315 3155 esu·
1367 3115 1409 3179 ab
1422 3114 1671 3179 imminentibus
1685 3126 1895 3199 peccatorum
1908 3127 2095 3183 nostrorum
2107 3117 2268 3200 periculis,

412 3203 491 3278 diat,
518 3197 665 3265 caritatis
691 3198 781 3261 dono
808 3195 943 3278 repleat,
966 3202 1004 3258 ut
1026 3214 1086 3258 uos
1107 3193 1141 3256 in
1163 3191 1317 3255 omnibus
1367 3227 1410 3288 te,
1424 3233 1617 3293 mereamur,
1629 3224 1833 3298 protegente,
1849 3216 1979 3281 galuari·
2007 3215 2101 3281 peri·
2124 3213 2270 3302 (Gratias

411 3302 474 3368 sibi
496 3300 627 3386 placere
649 3296 819 3362 concedat.
861 3293 984 3358 Amen.
1368 3310 1453 3399 tibi.)

456 3400 622 3484 Quatinus
639 3397 802 3480 presentis
816 3393 1068 3480 quadragesime
1084 3389 1201 3456 diebus
1217 3391 1317 3455 deuo-

413 3504 540 3568 tissime
564 3497 748 3574 celebratis,
771 3495 815 3560 ad
840 3492 1009 3578 paschalia
1028 3491 1113 3556 lesta
1136 3488 1317 3574 purificatis
1741 3499 1830 3572 :llicit
1851 3503 1905 3567 tit·

413 3601 567 3668 cordibus
581 3599 739 3664 accedere
754 3595 902 3660 ualeatis.
947 3592 1070 3658 Amen.

457 3699 558 3786 Quod
574 3699 644 3782 ipse
660 3693 834 3779 prestare&
1539 3761 1548 3774 ‚
1738 3759 1745 3774 ‚
1967 3763 1974 3778 ,
2031 3763 2039 3778 ,

1412 3758 1549 3824 Exaudi
1571 3779 1640 3837 nos,
1655 3771 1866 3843 omnipotens
1881 3772 1915 3827 et
1930 3783 2114 3829 misericors
2128 3763 2220 3841 deus,
2235 3771 2270 3827 et

714 3823 776 3888 Ad
791 3819 1018 3905 ‘mimum'
1134 3931 1142 3947 ·
1201 3933 1208 3947 1
1369 3859 1580 3924 continentiae
1604 3858 1757 3924 salutaris
1780 3863 1942 3945 propitius
1965 3863 2061 3928 nobis
2081 3864 2170 3929 dona
2192 3882 2270 3928 con·

458 3938 597 4005 Cunctis
612 3959 681 4017 nos,
697 3937 841 4013 domine,
858 3935 1004 4001 reatibus
1019 3942 1053 3998 et
1074 3931 1227 4016 periculis
1242 3953 1317 4018 pro·
1369 3959 1460 4029 cede·
1504 3959 1566 4022 Pes
1580 3959 1752 4023 dominum
1769 3970 1944 4026 nostrum

414 4039 550 4122 pitiatus
569 4037 716 4116 absolue,
734 4058 818 4120 quos
837 4036 923 4101 tanti
944 4033 1090 4118 mysterii
1108 4033 1224 4097 tribuis
1245 4052 1317 4098 esse

413 4138 600 4222 participes.
645 4137 731 4202 Perr
1752 4114 1891 4183 Secreta.

727 4273 833 4357 Super
840 4270 1005 4355 populum·
1413 4241 1474 4306 Per
1489 4241 1561 4306 haec
1576 4240 1699 4319 ueniat,
1708 4233 1898 4324 quesumus,
1908 4245 2052 4320 domine,
2065 4255 2271 4310 sacramenta

1368 4351 1489 4408 nostrae
1512 4341 1750 4424 redemptionis
1772 4343 1918 4423 effectus,
1934 4346 1992 4429 qui
2011 4365 2071 4409 nos
2089 4354 2123 4409 et
2144 4345 2187 4408 ab
2208 4344 2271 4409 hu-

1369 4443 1476 4507 manis
1504 4461 1635 4525 semper
1658 4441 1802 4508 retiahat
1829 4445 2031 4522 excessibus,
2055 4453 2089 4510 et
2115 4444 2159 4508 ad
2184 4445 2271 4510 salu·

1368 4543 1452 4606 tatia
1467 4550 1586 4607 cuncta
1601 4541 1769 4624 perducat.
1815 4544 1877 4610 Per
1891 4545 2089 4610 dominumr

1737 4692 1910 4776 Proefatio.

1413 4805 1457 4871 U.
1473 4805 1516 4868 D.
1532 4816 1657 4872 aeterne
1676 4809 1768 4872 deus.
1812 4804 1879 4889 Qui
1902 4807 2109 4889 peccantium
2132 4825 2199 4870 non
2222 4807 2273 4872 uis

669 4894 731 4958 Ad
741 4902 888 4958 sancium
903 4911 1059 4956 marcum·
1368 4904 1497 4971 animas
1532 4907 1646 4989 perire,
1676 4907 1735 4971 sed
1770 4905 1886 4989 culpas
1920 4916 1955 4971 et
1992 4915 2168 4989 peccantes
2205 4927 2272 4970 non

460 5006 623 5073 Cordibus
646 5005 775 5083 nostris,
798 5023 987 5087 quesumus,
1009 5001 1152 5076 domine,
1175 5001 1317 5085 gratiam
1369 5025 1501 5088 semper
1530 5006 1687 5069 continuo
1718 5005 1853 5082 iudicas,
1885 5006 1944 5070 sed
1973 5004 2017 5069 ad
2043 5005 2271 5089 paenitentiam

1570 3632 1633 3696 Ad
1643 3641 1789 3699 sanctam
1796 3636 2020 3718 potentianam
2029 3635 2052 3702 ⁴.

459 4386 653 4452 Subiectum
679 4386 739 4452 tibi
765 4384 936 4469 populum,
960 4402 1148 4466 quesumus,
1172 4381 1316 4456 domine,

414 4487 608 4572 propitiatio
641 4485 782 4550 caelestis
811 4481 1003 4566 amplificet,
1031 4492 1065 4548 et
1095 4482 1160 4548 tuis
1186 4500 1318 4564 semper

413 4586 514 4652 saciat
535 4586 658 4652 seruire
681 4585 855 4651 mandatis.
899 4582 962 4647 Per
970 4581 992 4647 ³.

794 4771 883 4845 llicit
903 4771 945 4834 ii.⁴

449 5159 506 5211 ¹0.
518 5176 543 5225 p.
556 5173 611 5223 ³⁰⁴·
626 5160 653 5210 Z.
754 5155 812 5208 ⁸0.
825 5173 849 5222 p.
862 5155 918 5220 367.
1025 5153 1083 5204 ⁸E.
1094 5170 1118 5219 p.
1131 5151 1177 5210 66;
1194 5169 1242 5206 om.
1254 5154 1282 5205 Z.
1402 5157 1459 5208 ¹0.
1468 5174 1493 5223 p.
1506 5171 1563 5220 303.
1574 5159 1601 5208 Z.
1874 5159 2029 5211 ἨΜ

448 5237 458 5267 ⁴
474 5251 500 5289 Α.
515 5239 545 5288 In
556 5238 605 5288 deo
616 5237 732 5288 lindabo.
926 5245 992 5284 coni.
1008 5231 1071 5298 Quis
1082 5232 1153 5283 dabit
1163 5246 1202 5282 ex.
1401 5236 1412 5267 ⁸
1428 5249 1454 5286 ri.
1470 5237 1527 5300 Ego
1539 5235 1654 5287 clemaui.
1882 5250 1949 5290 coti.
1957 5238 2073 5300 Domine,
2078 5238 2271 5303 quisliiibitabit.

476 5329 512 5368 i‘s
529 5316 645 5366 Miserere
655 5315 713 5366 mei.
925 5319 996 5383 (Luc.
1011 5315 1318 5367 Indiebusillisneamrin
1430 5327 1465 5364 Pa
1481 5314 1608 5365 Conserua
1618 5330 1666 5366 me.
1880 5321 1951 5381 (Lite.
1962 5317 2054 5368 Mulier
2064 5317 2169 5384 quedam
2177 5317 2271 5367 clamit-

476 5406 502 5445 rt
516 5394 585 5444 Deus
596 5396 676 5446 uitam
686 5407 775 5444 meam.
1023 5393 1144 5460 princeps.
1429 5404 1455 5442 ii.
1469 5393 1512 5442 Ab
1522 5392 1627 5442 occultis
1637 5393 1707 5445 meis.
1976 5396 2028 5446 biit.

476 5483 503 5522 v.
517 5473 634 5523 Miserere
645 5472 714 5524 milii.
924 5484 969 5526 uu.
996 5473 1118 5524 Dixeruut
1146 5471 1256 5537 pharisei
1285 5471 1318 5522 iid
1428 5483 1454 5522 ν.
1469 5470 1726 5523 Simeinouluerint.
1881 5481 1926 5522 nv.
1942 5469 2084 5535 Respiciens
2101 5468 2184 5519 ihesus
2200 5467 2272 5518 disci·

477 5561 520 5600 or.
536 5549 641 5608 Exaudi,
660 5551 729 5614 dens,
746 5550 841 5600 oratio·
1022 5551 1138 5614 ihesum).
1429 5561 1472 5600 οἳ.
1487 5549 1597 5599 Dextera
1607 5549 1711 5602 domini.
1977 5547 2051 5614 pulos
2061 5550 2140 5612 suos).

547 5643 611 5680 nem.
763 5659 768 5666 ·
1403 5627 1608 5678 'Pudentienam
1618 5628 1651 5680 V.
