5124 6608
649 570 750 665 ferta
775 571 817 646 tr.
1501 571 1667 656 §uttam
1693 571 1830 648 Burrio.
1858 578 1890 650 t.
2092 583 2142 678 87

287 773 403 860 quibus
420 771 658 838 aduersantur¹
674 771 816 857 expelle,
833 779 870 837 ut
885 792 1016 857 semper
1030 771 1090 837 tibi
1114 771 1185 855 pla-

287 879 367 943 citus
389 885 424 941 et
446 887 505 940 tuo
527 875 710 940 munimine
733 877 776 940 sit
802 895 945 940 securus.
991 876 1055 942 Per
1079 877 1186 941 domi.
1606 821 1739 889 zallllfl
1749 825 1770 889 ¹·

288 993 390 1045 ΜΝ
1325 963 1387 1029 Ad
1404 974 1551 1030 sanctum
1573 963 1771 1033 laurentium
1786 970 1879 1053 foris
1901 995 2045 1042 mamm.

1283 1091 1367 1168 Fiat,
1399 1091 1542 1170 domine,
1572 1110 1762 1172 quesumus,
1787 1116 1847 1179 per
1875 1098 2017 1183 gratiam
2047 1111 2141 1167 tuam

1239 1189 1425 1257 fructuosus
1445 1201 1567 1256 nostrae
1583 1192 1773 1261 deuotionis
1794 1197 1941 1278 affectus,
1962 1200 2040 1283 quia
2063 1213 2141 1268 tunc

1239 1291 1335 1355 nobis
1364 1291 1545 1375 proderunt
1575 1304 1728 1376 suscepta
1757 1297 1889 1377 ieiunia,
1918 1300 1946 1364 si
1976 1310 2044 1366 tuae
2076 1301 2141 1368 sint

1239 1391 1362 1474 placita
1376 1391 1502 1476 pietati.
1548 1391 1634 1456 Pera

659 1190 748 1264 llrria
767 1191 818 1256 bi.²

520 1355 582 1422 Ad
599 1369 747 1425 sanctum
769 1358 940 1424 eusebium.

327 1499 428 1578 Deus,
440 1499 497 1582 qui
512 1499 732 1564 ineffabilibus
747 1500 906 1565 mundum
923 1521 1063 1564 renouas
1078 1519 1186 1564 sacra·

285 1600 414 1678 mentis,
428 1609 559 1683 praesta,
574 1620 763 1681 quesumus,
775 1609 812 1664 ut
828 1599 967 1664 ecclesia
982 1610 1040 1664 tua
1055 1599 1187 1664 aetemis

285 1699 433 1784 proficiat
459 1699 626 1778 institutis,
653 1711 687 1764 et
716 1699 958 1784 temporalibus
988 1719 1055 1763 uon
1084 1698 1185 1763 desti·
1284 1677 1528 1754 Oblationibus,
1545 1699 1734 1761 quesumus,
1750 1682 1894 1758 domine,
1915 1683 2048 1767 l'lacare
2070 1706 2141 1750 ⁵1¹⁵·

284 1810 395 1866 tuatur
409 1800 551 1866 auxiliis.
597 1802 659 1866 Per
673 1801 845 1866 dominum
860 1808 1033 1865 nostrum.t
1239 1778 1351 1862 cepllsr
1368 1787 1402 1843 el
1420 1778 1463 1843 ad
1482 1787 1516 1842 le
1538 1787 1668 1845 ¹1⁰⁸lfee
1691 1781 1793 1847 etlam
1816 1783 1956 1848 rebelles
1978 1787 2141 1870 compelle

1239 1878 1400 1960 propitius
1416 1877 1615 1944 uoluntates.
1661 1879 1724 1945 Per
1741 1882 1938 1949 dominum

1620 1553 1760 1620 Secreta.

616 2000 725 2083 Super
744 1999 860 2064 oblata.

328 2138 468 2203 Munera
492 2159 561 2214 nos,
584 2138 728 2214 domine,
751 2157 942 2220 quesumus,
961 2136 1075 2202 oblata
1097 2137 1186 2220 puri·
1270 2177 1326 2242 ,u
1344 2178 1386 2242 D·

286 2240 393 2316 ficent,
410 2248 445 2304 et
460 2247 494 2304 te
509 2237 605 2303 nobis
627 2239 747 2322 iugiter
768 2236 890 2303 faciant
913 2257 985 2302 esse
1008 2236 1186 2320 placatum.

286 2339 370 2404 Pera

1599 2055 1774 2138 Praefatio.

1410 2189 1533 2245 aeterne
1564 2181 1656 2248 deus.
1702 2183 1940 2250 Misericordiae
1969 2187 2075 2263 dator,
2106 2198 2141 2254 et

1239 2278 1340 2343 totius
1362 2279 1521 2344 bonitatis
1543 2291 1667 2361 auctor,
1686 2285 1743 2366 qui
1766 2284 1906 2362 ieiuniis,
1927 2287 2140 2368 orationibus,

786 2442 793 2456 ,
1239 2387 1274 2442 et
1296 2378 1484 2444 elemosinis
1506 2389 1719 2465 peccatorum
1742 2384 1897 2464 remedia,
1920 2396 1954 2451 et
1981 2387 2140 2453 uirtutum

646 2441 818 2524 mea‘w·
1238 2479 1385 2542 omnium
1398 2478 1515 2544 tribuis
1530 2480 1752 2562 incrementa;
1770 2483 1822 2548 Te
1833 2483 1950 2549 humili
1962 2485 2141 2552 deuotione

328 2583 373 2648 U.
392 2583 435 2648 D.
456 2603 515 2666 per
537 2583 696 2649 christum
719 2583 890 2648 dominum
914 2589 1073 2646 nostrum.
1118 2581 1185 2665 Qui
1237 2597 1419 2659 precamur,
1435 2588 1473 2643 ut
1494 2581 1551 2662 qui
1573 2581 1617 2644 ad
1639 2581 1713 2647 haec
1737 2584 1868 2667 agenda
1887 2585 2139 2650 saluberrimam

286 2692 335 2748 est
351 2684 423 2748 dies
445 2694 595 2764 aetemus,
613 2683 672 2748 lux
695 2683 895 2760 indeficiens,
911 2682 1042 2748 claritas
1063 2683 1185 2764 sempi-
1237 2677 1358 2741 dedisti
1385 2678 1579 2756 doctrinam,
1605 2680 1650 2746 ad
1677 2681 1914 2764 complendum
1940 2684 2139 2750 indefessam

284 2791 397 2861 tema;
432 2783 498 2867 Qui
523 2784 570 2848 sic
595 2803 754 2866 sequaces
780 2802 858 2848 suos
883 2783 916 2846 in
940 2781 1013 2846 luce
1039 2781 1186 2864 precepit
1236 2777 1362 2841 tribuas
1399 2778 1585 2855 efficatiam,
1625 2780 1675 2845 Ut
1716 2781 1925 2848 oboedienter
1961 2794 2020 2850 tua
2060 2807 2140 2851 exe·

284 2882 463 2958 ambulare,
492 2893 528 2947 ut
559 2884 664 2948 noctis
693 2893 818 2947 aeteme
847 2881 981 2946 ualeant
1010 2881 1185 2963 caliginem
1237 2888 1377 2957 quentes
1389 2889 1555 2961 precepta,
1568 2877 1707 2945 feliciter
1717 2891 1776 2947 tua
1788 2881 1957 2967 capiamus
1969 2885 2140 2967 promissa.

285 2984 435 3059 euadere,
451 2991 486 3048 et
508 2984 551 3048 ad
574 2983 656 3048 lucis
676 2981 820 3066 patriam
835 2981 974 3047 feliciter
993 2981 1184 3064 peruenire3
1237 2976 1300 3040 Per
1313 2974 1473 3042 christum
1482 2975 1506 3040 ².

285 3081 351 3165 Qui
367 3103 427 3165 per
440 3081 663 3147 humilitatem
679 3093 851 3164 assumpte
866 3082 1082 3147 humanitatis
1097 3081 1184 3144 laza·

284 3203 356 3247 rum
368 3180 469 3262 fleuit,
481 3203 540 3265 per
554 3182 737 3246 diuinitatis
752 3183 937 3265 potentiam
950 3183 1018 3265 uite
1030 3181 1182 3257 reddidit,

283 3303 452 3366 genusque
466 3282 648 3347 humanum
663 3281 851 3365 quadrifida
867 3291 1079 3364 peccatorum
1095 3279 1184 3344 mole

285 3381 440 3446 obrutum
459 3383 503 3446 ad
524 3382 629 3447 uitam
652 3380 788 3447 reducit.
834 3381 896 3446 Per
917 3400 1018 3464 quem
1039 3381 1183 3464 petimus

1528 3110 1590 3176 Ad
1607 3079 1835 3206 complendum.

1279 3233 1354 3299 Tua
1370 3255 1441 3312 nos,
1459 3256 1648 3318 quesumus,
1663 3239 1806 3318 domine,
1821 3250 1935 3306 sancta
1956 3243 2138 3325 purificent,

1236 3343 1270 3400 et
1288 3335 1488 3418 operationis
1502 3357 1570 3401 suae
1586 3333 1762 3424 (remedio)
1777 3339 1949 3425 perficiant
1971 3363 2045 3408 esse
2066 3344 2138 3427 pla-

284 3481 393 3546 ieiunii
430 3481 662 3548 obsenratione
691 3501 712 3544 a
745 3490 958 3563 peccatorum
996 3488 1183 3544 nostrorum
1235 3445 1335 3500 ‘ms'
1381 3435 1467 3500 Pent

283 3581 426 3646 nexibus
455 3581 548 3658 solui,
579 3591 703 3663 aeteme
733 3582 811 3645 uitae
841 3579 989 3646 felicitati
1019 3579 1123 3657 reddi,
1150 3587 1183 3642 et
1541 3539 1650 3622 sulm
1662 3541 1829 3625 mulum·

283 3692 471 3746 sanctorum
510 3679 652 3746 coetibus
688 3679 924 3745 connumerari.
985 3680 1047 3744 Per
1082 3697 1182 3760 quem
1280 3663 1381 3742 Deus,
1405 3663 1462 3748 qui
1491 3666 1702 3748 Spefflssllbus
1731 3667 1765 3730 ln
1795 3676 1830 3733 le
1855 3669 1999 3735 mlsefesl
2026 3671 2138 3754 Ροῗῑῑῑ8

283 3780 494 3846 maiestatem
505 3781 527 3844 ³,
1236 3761 1330 3846 eligis
1356 3784 1458 3846 quam
1488 3764 1591 3843 irasci,
1618 3767 1661 3829 da
1688 3766 1784 3831 nobis
1816 3768 1916 3852 digne
1939 3767 2018 3834 flere
2041 3771 2139 3847 mala,

1237 3882 1312 3944 quae
1341 3862 1486 3942 fecimus,
1509 3874 1547 3929 ut
1570 3872 1637 3928 tuae
1665 3866 1899 3932 consolationis
1924 3870 2067 3953 gratiam
2089 3871 2140 3935 in·

576 3927 638 3991 Ad
655 3927 882 4011 cmpl‘ndum·
1237 3958 1348 4022 uenire
1366 3957 1546 4023 ualeamus.
1592 3960 1693 4024 Per.⁷

329 4068 414 4134 Haec
437 4089 507 4144 nos,
521 4089 712 4152 quesumus,
736 4070 880 4146 domine,
899 4069 1109 4153 participatio
1131 4089 1182 4132 sa-

282 4168 452 4241 cramenti,
477 4177 511 4233 et
537 4169 676 4252 propriis
703 4169 847 4234 reatibus
876 4168 1099 4233 indesinenter
1124 4189 1183 4233 ex·
1405 4202 1560 4268 mmm
1579 4205 1607 4269 h·
1627 4209 1661 4269 m
1682 4207 1820 4287 pamm
1840 4208 1973 4272 numini,

283 4267 406 4351 pediat,
424 4276 459 4333 et
473 4268 518 4334 ab
533 4267 688 4334 omnibus
703 4278 836 4334 tueatur
851 4267 1008 4334 aduersis.
1054 4268 1139 4332 Pera
1575 4299 1577 4304 ·

1496 4347 1558 4413 Ad
1573 4361 1720 4415 sanctum
1737 4361 1879 4434 petrum.

558 4477 562 4486 '
615 4476 677 4540 Ad
687 4475 852 4560 populum.
1280 4473 1481 4558 Quesumus,
1506 4475 1717 4558 omnipotens
1743 4477 1834 4553 deus,
1860 4478 2019 4543 familiam
2045 4490 2137 4544 tuam

326 4619 390 4694 Da,
416 4639 605 4702 quesumus,
628 4620 838 4703 omnipotens
867 4620 957 4697 deus,
979 4627 1017 4682 ut
1046 4618 1103 4701 qui
1132 4617 1181 4682 in·
1268 4665 1319 4716 ,A-
1334 4665 1458 4725 sitientes,
1467 4665 1557 4714 uenire.

925 4719 932 4732 ι
1771 4677 1838 4717 cont.
1850 4667 1974 4717 Dominus
1982 4669 2046 4734 regit
2054 4683 2095 4718 me
2103 4677 2135 4722 et.

284 4718 450 4785 firmitatis
472 4728 593 4783 nostrae
616 4719 737 4784 conscii
759 4720 801 4784 de
822 4729 879 4784 tua
901 4728 1023 4783 urrtute
1045 4717 1182 4783 confidi·
1294 4755 1329 4793 ps.
1344 4743 1488 4794 Admana,
1773 4749 1843 4807 (nne
1858 4745 2124 4813 Intemporeplecito.

285 4839 366 4898 mus,
388 4818 450 4884 sub
472 4829 530 4882 tua
552 4839 683 4902 semper
703 4818 829 4903 pietate
858 4819 1076 4902 gaudeamus.
1120 4820 1182 4884 Per
1292 4820 1656 4881 aTibi‚domine,dere1ietue
1771 4833 1816 4874 ev.
1832 4823 1940 4875 Dicebat
1957 4824 2040 4874 theos
2058 4825 2138 4876 turbis

284 4918 455 4982 dominum
471 4927 644 4983 nostrum,
1293 4913 1320 4952 v.
1333 4901 1369 4950 Ut
1380 4899 1449 4966 quid,
1460 4899 1568 4950 domine.
1841 4901 1979 4964 iudeorum,
2003 4904 2060 4970 Ego
2082 4919 2137 4954 sum

1292 4990 1336 5031 os.
1351 4979 1443 5030 Factus
1454 4978 1626 5029 estdominus.
1841 4979 1904 5044 lux).

1264 5056 1275 5087 ¹
1291 5057 1324 5109 0.
1335 5073 1358 5119 p.
1371 5057 1429 5119 3⁰⁸·
1441 5058 1468 5107 Z.

316 5135 502 5202 ¹impugnatur
514 5137 545 5187 V.
1264 5137 1317 5187 Ἀ.
1332 5135 1420 5185 Iudice
1430 5149 1479 5193 me,
1490 5133 1559 5186 deus.
1771 5146 1796 5186 v,
1812 5135 2033 5200 Prolongeuerunt.

315 5212 326 5243 ¹
341 5226 367 5264 Α.
381 5214 524 5265 Meditntio.

343 5303 378 5342 es
393 5291 457 5342 Caeli
467 5298 591 5342 mactant.

343 5382 367 5419 ι
382 5369 481 5418 Bonum
490 5379 528 5419 est
541 5368 672 5422 confidere.

343 5457 368 5497 v.
383 5447 480 5496 bonum
491 5455 529 5496 est
540 5463 647 5512 sperare.

342 5535 385 5575 οῖ.
400 5523 525 5590 Populum
534 5523 663 5576 humilem.

314 5601 325 5632 ¹
340 5601 372 5653 0.
383 5617 408 5667 p
422 5603 478 5666 308.
489 5603 516 5656 Z.

788 5212 1180 5264 comUidensdominusflentes.

789 5303 847 5344 tec.
863 5291 1007 5381 (Egrotnuit
1023 5291 1088 5342 filius
1107 5292 1180 5344 muli·

787 5459 831 5499 rw.
851 5385 1038 5513 feriisquidm
1060 5447 1181 5514 languens

885 5525 999 5590 heatus).

1293 5226 1329 5264 rs
1345 5214 1440 5263 Emitte
1451 5213 1539 5264 lucem.

1293 5305 1318 5344 R.
1333 5292 1409 5358 Eripe
1419 5307 1467 5348 me,
1478 5291 1586 5344 domine.

1293 5382 1319 5422 v.
1334 5369 1465 5420 Libenter
1475 5384 1552 5420 meus.

1294 5460 1353 5499 uc,
1367 5447 1431 5512 Sepe
1446 5453 1657 5514 expugnsuenrnt.

1293 5538 1319 5578 v.
1335 5527 1411 5576 Dicet
1422 5541 1488 5577 nunc
1498 5526 1577 5577 israel

1294 5617 1321 5656 v.
1335 5605 1437 5656 Etenim
1447 5619 1497 5655 nou
1509 5610 1649 5671 potuerunt.

1769 5225 1830 5264 oss.
1845 5213 1990 5264 Confitebor
2000 5213 2055 5265 tibi.

1770 5303 1836 5342 con.
1852 5291 1911 5342 Hoc
1922 5307 2013 5358 corpus
2023 5292 2100 5358 quod.

1771 5369 1824 5432 (se.
1839 5369 1953 5421 Christus
1965 5370 2088 5421 assistens

1770 5459 1815 5499 cv.
1830 5448 1860 5498 ln
1876 5447 1923 5498 illo
1939 5448 2039 5500 dteebet
2055 5449 2139 5499 ihesus

1842 5526 1941 5592 turbis).
