5124 6608
409 567 477 616 112
776 545 879 639 ,sitris
903 546 934 622 il

404 747 556 826 exultat3
580 747 649 813 Sed
671 756 705 811 et
723 767 865 829 superne
880 747 1019 811 uirtutes
1033 755 1135 830 atque
1149 745 1309 830 angelicae

405 857 590 931 potestates
602 867 741 929 ymnum
757 845 869 930 gloriae
882 856 949 911 tuae
965 847 1151 926 concinunt,
1162 849 1233 912 sine
1245 847 1310 911 fine

405 950 562 1027 dicentes,
579 946 723 1012 Sanctus
733 945 755 1010 ¹.

733 1084 776 1148 Ia
784 1082 951 1165 fractione
960 1083 984 1146 ².

450 1209 752 1287 Communicantes,
768 1219 800 1273 et
817 1210 906 1274 diem
922 1210 1178 1275 sacratissimum
1196 1218 1310 1294 pente-

405 1321 519 1376 costen
540 1310 754 1385 celebrantes,
770 1330 837 1392 quo
852 1311 985 1393 spiritus
1003 1322 1135 1376 sanctus
1151 1310 1310 1394 apostolis

405 1411 583 1476 innumeris
598 1410 718 1492 linguis
733 1409 897 1493 appamit.
943 1410 1011 1475 Sed
1028 1421 1061 1476 et
1078 1413 1296 1476 memoriam.⁷

810 1558 903 1624 Alia.

447 1687 546 1751 Hanc
563 1685 662 1771 igitur
676 1683 881 1750 oblationem
897 1683 1064 1751 seruitutis
1079 1695 1210 1750 nostrae.
1244 1687 1310 1751 Ra-

405 1789 498 1870 quire
515 1787 550 1850 in
566 1785 696 1868 uigilia.

761 1870 953 1937 Benedictio.

450 1999 551 2078 Deus,
576 1999 631 2081 qui
653 1996 814 2062 hodierna
838 1998 892 2061 die
918 1997 1155 2082 discipulorum
1181 2007 1309 2062 mentes

405 2098 538 2181 spiritus
553 2097 702 2181 paracliti
717 2096 878 2161 infusione
894 2097 1049 2180 dignatus
1065 2108 1116 2163 est
1128 2097 1307 2174 inlustrare,

405 2197 505 2262 saciat
527 2219 586 2262 uos
610 2217 669 2262 sua
694 2196 926 2262 benedictione
954 2197 1080 2280 repleri,
1103 2208 1138 2263 et
1161 2199 1308 2263 eiusdem

405 2297 539 2381 spiritus
554 2297 650 2361 donis
666 2296 858 2362 exuberare.
902 2295 1026 2362 Amen.

446 2396 508 2462 ille
531 2397 625 2479 ignis,
647 2396 703 2480 qui
725 2415 825 2480 super
848 2397 1026 2480 discipulos
1047 2396 1210 2479 apparuit,
1233 2416 1309 2479 pec·

406 2505 555 2562 catorum
578 2506 761 2561 uestrorum
789 2495 904 2560 sordes
931 2505 1103 2579 expurget,
1125 2505 1159 2560 et
1183 2496 1231 2559 sui
1258 2494 1307 2559 lu·

406 2597 503 2660 minis
519 2595 681 2660 infusione
696 2596 796 2660 corda
811 2605 922 2660 uestra
937 2594 1123 2678 perlustret.
1168 2595 1289 2660 Amen.

451 2695 583 2781 Quique
608 2697 763 2778 dignatus
790 2704 841 2759 est
869 2695 1094 2759 diuersitatem
1121 2694 1307 2778 linguarum

406 2799 439 2860 in
456 2798 551 2861 unius
567 2795 644 2860 fidei
667 2794 872 2860 confessione
893 2796 1039 2860 adunare
1061 2794 1095 2858 in
1116 2797 1233 2859 eadem
1249 2816 1308 2859 uos

405 2896 505 2961 saciat
527 2895 594 2959 fide
617 2892 851 2980 per(seuerare,
876 2904 911 2959 et
937 2915 996 2978 per
1017 2894 1103 2960 hanc
1124 2895 1168 2958 ab
1191 2915 1250 2977 spe
1274 2896 1307 2959 in

405 2996 551 3078 speciem
569 2991 764 3077 peruenire).
807 2993 932 3059 Amen.

450 3094 550 3179 Quod
570 3095 639 3178 ipse
655 3093 845 3177 praestare³.

706 3241 769 3306 Ad
778 3243 1007 3326 complendum.

448 3369 562 3435 Sancti
585 3369 728 3452 spiritus,
747 3369 891 3445 domine,
911 3369 1012 3434 corda
1035 3377 1147 3434 nostra
1169 3371 1308 3434 mundet

406 3469 532 3547 inlusio,
549 3481 582 3534 et
603 3470 653 3533 sui
674 3468 754 3532 roris
774 3469 963 3553 aspersione
981 3468 1144 3534 secundet.
1188 3469 1258 3548 Per,
1274 3471 1307 3533 in

406 3570 534 3633 unitate
550 3567 725 3633 eiusdem.t

737 3653 799 3718 Ad
803 3653 968 3737 papalum.

450 3779 585 3856 Praesta,
602 3799 789 3862 quesumus,
805 3781 948 3860 domine,
964 3790 1000 3844 ut
1017 3801 1037 3844 a
1053 3780 1173 3844 nostris
1190 3782 1306 3845 menti·

404 3881 467 3946 bus
482 3889 517 3944 et
532 3879 679 3944 carnales
693 3888 848 3944 amoueat
863 3881 997 3963 spiritus
1012 3891 1144 3945 sanctus
1159 3880 1306 3961 affectus,

407 3989 441 4044 et
461 3978 620 4062 spiritalia
637 3977 732 4043 nobis
752 3979 841 4044 dona
863 3989 1017 4063 potenter
1036 3979 1197 4045 infundat.
1238 3979 1306 4064 Qui

407 4089 516 4144 tecum
539 4075 613 4163 (per
632 4078 803 4143 dominum
827 4089 975 4144 nostrum
999 4078 1126 4144 ihesum
1149 4078 1305 4145 christum

406 4177 511 4242 filium
526 4187 620 4243 tuum
631 4175 670 4262 ⁴).

785 4361 874 4435 ieris
891 4361 934 4427 tt*

748 4510 810 4575 Ad
820 4513 961 4577 uincula.

447 4635 1306 4720 Deus‚quiapostolistuissanctumdedistispiritum‚

407 4736 552 4801 concede
577 4734 667 4818 plebi
694 4744 761 4799 tuae
790 4738 855 4820 piae
881 4738 1050 4820 petitionis
1079 4737 1244 4814 affectum,
1271 4748 1308 4803 ut

406 4836 526 4918 quibus
552 4835 673 4899 dedisti
698 4835 808 4915 fidem,
834 4835 981 4920 largiaris
1008 4846 1042 4902 et
1065 4857 1190 4920 pacem.
1247 4836 1309 4902 Per

407 4935 589 5008 dominum,
606 4935 640 4998 in
656 4935 784 5000 unitate
795 4935 943 5000 eiusdem
959 4936 1091 5020 spiritus
1106 4936 1237 5002 sanctia

440 5126 448 5155 ¹
465 5125 497 5174 V.
508 5139 533 5190 p.
547 5137 587 5190 91.
598 5125 627 5174 Z.

438 5202 449 5232 ⁴
465 5202 522 5254 Gel.
534 5218 560 5267 p.
571 5201 629 5252 ⁶01.

439 5281 449 5311 ³
465 5292 492 5331 a
505 5280 608 5331 Cibenit
618 5295 668 5330 eoa

466 5369 504 5407 rs,
515 5357 632 5408 Exultate
643 5358 698 5409 deo.

468 5445 512 5484 Αι.
524 5435 618 5485 Emitte
628 5435 751 5501 spiritum.

468 5521 512 5564 οῖ.
524 5513 643 5563 Intonuit.

468 5599 535 5643 coia.
547 5589 654 5656 Spiritus
670 5599 770 5644 sanctus
786 5593 829 5644 do

756 5122 768 5152 ¹
784 5125 852 5190 Pege
865 5139 921 5185 110,
932 5141 957 5176 n.
970 5139 993 5190 3.
1125 5127 1135 5158 ⁸
1151 5125 1183 5180 0.
1195 5142 1221 5192 p.
1234 5137 1290 5190 372.

1013 5281 1079 5334 eebit
1091 5297 1145 5333 uos.

916 5361 968 5424 (nr.
980 5361 1104 5426 Aperiens
1114 5368 1198 5425 petrus
1209 5375 1245 5411 os.

914 5450 958 5489 nn.
972 5439 1079 5489 Emittes
1090 5438 1211 5503 spiritum.

914 5527 960 5568 nv,
972 5515 1014 5567 Sic
1025 5516 1087 5567 deus
1096 5515 1206 5580 dilexit).

1724 547 1826 642 feria
1851 551 1893 625 tii.

1742 749 1884 815 Secreta.

1403 871 1576 956 Propitius,
1589 873 1733 952 domine,
1749 894 1936 957 quesumus,
1951 873 2024 938 hrec
2039 875 2127 940 dona
2142 877 2263 942 sancti·

1363 971 1433 1050 fica,
1449 981 1483 1036 et
1501 971 1618 1037 bostiae
1640 973 1796 1056 spiritalis
1817 973 1986 1039 oblatione
2009 985 2171 1058 suscepta,
2186 995 2262 1041 nos-

1363 1071 1521 1156 metipsos
1536 1073 1597 1138 tibi
1612 1073 1735 1156 perfice
1751 1093 1870 1137 munus
1886 1084 2059 1139 aeternum.
2104 1075 2191 1140 Pera

1722 1247 1898 1330 Prasatio.

1406 1371 1450 1438 U.
1467 1371 1509 1435 D.
1534 1392 1593 1455 per
1615 1369 1773 1437 christum
1796 1374 1967 1439 dominum
1990 1383 2150 1438 nostrum.
2195 1374 2263 1459 Qui

1361 1464 1559 1554 promissum
1580 1472 1730 1556 spiritum
1746 1473 1954 1556 paraclytum
1970 1494 2069 1556 super
2084 1475 2262 1558 discipulos

1362 1572 1459 1649 misit,
1489 1572 1546 1655 qui
1570 1572 1731 1656 principio
1760 1574 1926 1638 nascentis
1957 1572 2112 1653 ecclesiae,
2137 1575 2263 1640 cunctis

1360 1672 1515 1754 gentibus
1530 1672 1716 1736 imbuendis
1731 1681 1766 1736 et
1786 1673 1921 1737 deitatis
1938 1673 2109 1738 scientiam
2125 1673 2263 1750 inderet,

1361 1781 1395 1836 et
1420 1771 1606 1854 linguarum
1633 1772 1861 1837 diuersitatem
1886 1774 1920 1837 in
1950 1773 2046 1837 unius
2076 1772 2152 1836 fidei
2183 1794 2260 1838 con-

1360 1869 1502 1936 fessione
1527 1872 1675 1936 sociaret.
1721 1871 1783 1936 Per
1804 1892 1904 1955 quem
1932 1872 2141 1936 maiestatem
2167 1883 2260 1938 tuam

1360 1971 1525 2054 supplices
1545 1991 1731 2049 exoramus,
1746 1980 1783 2035 ut
1804 1972 1896 2035 cuius
1915 1970 2119 2036 celebramus
2137 1973 2260 2038 aduen-

1360 2079 1441 2148 tum,
1458 2072 1527 2135 eius
1549 2070 1746 2153 multimode
1767 2072 1884 2155 gratiae
1904 2071 2075 2154 capiamus
2095 2071 2259 2138 effectum.

1361 2170 1423 2235 Per
1439 2191 1537 2254 quem
1547 2168 1571 2234 ¹.

1652 2256 1713 2319 Ad
1722 2255 1953 2339 complendum.

1402 2382 1543 2462 Adesto,
1573 2382 1716 2460 domine,
1746 2403 1934 2465 quesumus,
1966 2382 2091 2467 populo
2128 2391 2196 2463 tuo,
2225 2392 2261 2449 et

1359 2503 1458 2566 quem
1482 2482 1647 2565 mysteriis
1668 2480 1854 2546 caelestibus
1876 2482 2033 2558 imbuisti,
2052 2483 2096 2546 ab
2113 2481 2258 2548 hostiurn

1358 2582 1468 2648 surore
1483 2581 1635 2647 deiende.
1680 2581 1766 2646 Pera

1733 2819 1824 2891 sitris
1840 2819 1893 2885 ii't'

1585 2963 1647 3030 Ad
1660 2976 1806 3031 sanctam
1821 2966 2035 3032 anastasiam.
2072 3035 2075 3042 ,

1401 3090 1505 3156 Adsit
1520 3091 1625 3169 nobis,
1640 3091 1784 3168 domine,
1800 3113 1988 3175 quesumus,
2004 3092 2107 3156 uirtus
2126 3091 2257 3174 spiritus

1358 3192 1474 3267 sancti,
1490 3211 1564 3273 quae
1587 3200 1620 3255 et
1640 3192 1740 3256 corda
1760 3204 1873 3257 n'ostra
1888 3191 2069 3258 clementer
2084 3200 2256 3274 expurget,

1358 3300 1393 3355 et
1407 3291 1451 3355 ab
1469 3290 1623 3355 omnibus
1638 3300 1770 3356 tueatur
1783 3291 1940 3356 aduersis.
1964 3290 2052 3356 .Per.
2098 3291 2255 3356 Eiusdem

1358 3391 1492 3474 spiritus
1508 3389 1636 3454 sanctia

1741 3476 1882 3541 Secreta.

1401 3601 1554 3667 Purificet
1574 3623 1643 3678 nos,
1660 3603 1803 3682 domine,
1818 3622 2006 3685 quesumus,
2022 3600 2167 3665 muneris
2183 3621 2255 3684 pre-

1357 3703 1459 3766 sentis
1474 3701 1609 3774 oblatio,
1626 3712 1661 3767 et
1675 3703 1794 3786 dignos
1808 3722 1901 3767 sacra
1916 3701 2169 3785 participatione
2183 3721 2257 3784 per-

1357 3801 1456 3867 ficiat.
1503 3801 1589 3866 Pera

1724 3887 1887 3969 Presatio.

1401 4013 1445 4080 U.
1465 4014 1509 4078 D.
1530 4036 1590 4099 per
1611 4014 1770 4080 christum
1792 4013 1964 4078 dominum
1987 4020 2145 4077 nostrum.
2190 4011 2256 4095 Qui

1357 4115 1490 4196 spiritus
1512 4115 1617 4179 sancti
1640 4114 1801 4177 inlusione
1824 4112 1964 4196 repleuit
1984 4111 2084 4175 corda
2100 4111 2255 4186 fidelium,

1356 4215 1413 4297 qui
1435 4236 1494 4278 sua
1517 4213 1705 4278 admirabili
1727 4213 1927 4297 operatione,
1952 4221 1986 4276 et
2008 4212 2057 4274 sui
2080 4212 2201 4275 amoris
2222 4211 2255 4274 in

1357 4315 1404 4378 eis
1431 4315 1542 4397 ignem
1566 4313 1769 4391 accenderet,
1796 4322 1830 4376 et
1856 4331 1915 4394 per
1944 4311 2171 4375 diuersitatem
2196 4310 2255 4375 lin·

1356 4433 1495 4497 guarum
1518 4421 1635 4496 gentes
1656 4413 1690 4475 in
1708 4413 1834 4476 unitate
1857 4410 1935 4474 fidei
1957 4410 2134 4490 solidaret3
2164 4412 2255 4475 cuius

1357 4514 1446 4578 dono
1472 4513 1615 4596 petimus
1642 4520 1677 4577 et
1703 4511 1922 4576 inlecebrosas
1951 4529 1972 4574 a
2001 4510 2096 4574 nobis
2122 4510 2254 4576 excludi

1358 4612 1556 4695 uoluptates,
1566 4621 1599 4676 et
1609 4611 1771 4695 spiritales
1781 4609 1919 4674 innubis
1930 4610 2039 4674 extrui
2051 4610 2255 4694 plantarique

1357 4715 1504 4777 uirtutes.
1551 4712 1612 4776 Per
1627 4709 1759 4795 quem³.

1657 4884 1718 4949 Ad
1728 4883 1956 4968 complendum.

1401 5003 1541 5077 Mentes'
1562 5020 1699 5090 nostras,
1729 5029 1917 5094 quesumus,
1947 5010 2090 5088 domine,
2122 5009 2254 5093 spiritus

1388 5202 1398 5232 ¹
1415 5202 1447 5253 Ο.
1459 5217 1485 5268 p.
1498 5215 1553 5266 3²0·
1565 5201 1592 5252 Z.

1388 5277 1441 5330 Ἀ.
1454 5279 1570 5345 Accipite
1582 5278 1767 5329 iucunditatem.
1863 5289 1906 5329 or.
1918 5280 2007 5328 Portas
2017 5277 2080 5330 caeli.

1416 5369 1453 5408 es
1465 5356 1609 5408 Adtendite.
1864 5367 1932 5408 cona.
1943 5355 2051 5421 Spiritus
2062 5357 2106 5423 qni
2117 5364 2219 5422 epatre.

1416 5447 1460 5486 An.
1472 5435 1578 5502 Spiritus
1595 5432 1689 5485 domini
1703 5433 1781 5500 reple·
1866 5438 1918 5500 (nr.
1930 5435 1995 5486 Cum
2003 5435 2127 5486 audissent
2136 5436 2252 5502 apostoli.

1486 5512 1532 5563 nit.
1865 5525 1911 5563 nu.
1918 5514 2007 5575 Amen,
2015 5513 2252 5578 madicouobis).

1389 5591 1399 5622 ⁸
1415 5590 1448 5642 Ο.
1460 5607 1486 5658 p.
1499 5603 1556 5654 320.
1567 5592 1595 5643 Z.
