5124 6608
628 578 729 671 jlttlu
755 577 808 653 tt.
1580 577 1682 669 dictio
1708 581 1739 652 b.
2069 583 2115 670 83

265 787 458 866 prouocatos
473 786 653 860 expectas;
675 776 812 855 Auerte‚
827 796 1015 859 quesumus,
1030 797 1051 841 a
1067 774 1162 841 nobis
1215 775 1426 859 protectionis
1454 784 1520 841 tuae
1549 777 1691 859 gratiam
1721 776 1908 862 quaerimus,
1938 778 2066 846 liberati
2098 802 2118 844 a

263 900 360 964 quam
377 898 540 944 meremur
555 878 645 955 iram,
657 885 690 940 et
701 897 803 959 quam
818 888 974 958 optamus
989 897 1087 959 super
1102 898 1162 940 nos
1216 877 1312 941 malis
1327 878 1483 941 omnibus
1497 897 1612 941 secura
1626 877 1687 941 tibi
1704 888 1816 942 mente
1831 878 2023 944 semiamus.
2056 881 2118 944 Per

262 981 391 1046 effunde
413 979 634 1055 clementiam,
654 977 704 1043 Ut
728 999 821 1042 sacro
844 976 1008 1061 purificati
1032 978 1161 1056 ieiunio,
1215 976 1413 1040 dominum.t
1469 971 1587 1062 (Deus,
1603 975 1660 1059 qui
1675 995 1736 1040 nos
1751 971 1958 1065 l0r[masti].)

261 1080 437 1145 electorum
467 1087 600 1143 tuorum
633 1077 771 1142 adscisci
803 1097 989 1141 mereamur
1012 1077 1163 1162 collegio.

261 1180 321 1244 Per
341 1180 500 1245 christum
522 1178 693 1243 dominum
716 1174 891 1241 nostrum¹.
1596 1233 1686 1307 m,
1701 1236 1740 1299 t.¹

574 1329 844 1394 postcommunio.
1871 1391 1878 1406 ι

385 1455 393 1470 .
526 1453 535 1470 .
738 1455 758 1470 ..
873 1454 882 1469 .
922 1454 930 1470 ,
1097 1455 1104 1470 ,
1344 1389 1407 1456 Ad
1424 1401 1550 1457 sanctos
1569 1413 1711 1459 cosmam
1732 1401 1766 1457 et
1782 1393 1988 1457 damtunam.

303 1453 420 1534 Sacns,
444 1455 588 1532 domme,
611 1465 776 1538 mysterns
803 1464 940 1538 expratr,
967 1463 1001 1519 et
1030 1476 1161 1520 uernam

258 1575 497 1638 consequamur
518 1563 552 1618 ut
573 1554 727 1637 gratiam,
773 1554 859 1619 Pero
1256 1540 1483 1606 Afflictionem
1505 1542 1638 1607 familiae
1660 1553 1737 1620 tuae,
1761 1563 1950 1627 quesumus,
1973 1541 2116 1617 domine,

1214 1640 1349 1705 intende
1372 1642 1532 1725 placatus,
1552 1652 1589 1707 ut
1615 1643 1745 1709 indulta
1771 1645 1869 1708 uenia
1894 1653 2117 1726 peccatorum,

573 1704 680 1788 super
693 1703 857 1787 populum·
1214 1741 1256 1804 de
1278 1742 1345 1807 tuis
1367 1762 1499 1826 semper
1520 1741 1690 1808 beneficiis
1711 1743 1899 1826 gloriemur.
1946 1743 2032 1806 Pero

299 1831 374 1896 Tua
396 1853 465 1910 nos,
487 1834 630 1911 domine,
654 1832 860 1915 protectione
886 1832 1038 1909 deiende,
1061 1843 1095 1899 et
1117 1833 1160 1897 ab

258 1931 346 1994 omni
361 1951 494 2016 semper
508 1932 684 2015 iniquitate
699 1933 840 1997 custodi.
875 1932 938 1996 Per
951 1933 1149 1997 dominum?
1597 1928 1740 1993 Secreta.

259 2025 453 2117 (Concede.)
1258 2065 1420 2145 Concede,
1432 2086 1619 2148 quesumus,
1630 2068 1841 2150 omnipotens
1857 2068 1949 2144 deus,
1961 2075 1999 2132 ut
2014 2067 2117 2133 oculis

1213 2173 1279 2230 tuae
1300 2167 1483 2230 maiestatis
1501 2185 1621 2231 munus
1641 2165 1793 2231 oblatum
1815 2175 1849 2231 et
1863 2167 2006 2251 gratiam
2021 2167 2117 2232 nobis

1212 2266 1398 2330 deuotionis
1421 2265 1583 2341 obtineat,
1604 2274 1639 2330 et
1664 2265 1819 2331 effectum
1843 2265 1943 2350 beate
1964 2267 2117 2349 perenni-

516 2368 578 2435 Ad
591 2380 740 2435 sanctum
761 2379 900 2452 syxtum.
1212 2365 1291 2428 tatis
1311 2365 1474 2448 adquirat.
1519 2363 1628 2429 Perti

301 2497 425 2561 Praesta
446 2495 551 2576 nobis,
574 2495 717 2574 domine,
739 2515 926 2578 quesumus,
949 2504 987 2560 ut
1008 2495 1159 2560 salutari-

259 2597 318 2660 bus
345 2596 473 2661 ieiuniis
499 2596 628 2674 eruditi,
651 2617 671 2660 a
699 2596 808 2660 noxiis
832 2616 965 2678 quoque
989 2597 1078 2661 uitiis
1101 2597 1160 2660 ab·

259 2697 423 2771 stinentes,
445 2696 715 2780 propitiationem
738 2704 832 2759 tuam
854 2694 981 2760 facilius
1005 2695 1160 2778 impetre-
1256 2693 1301 2758 U.
1317 2694 1362 2757 D.
1381 2703 1505 2758 aeterne
1527 2695 1619 2758 deus.
1664 2694 1710 2758 Et
1730 2703 1824 2759 tuam
1846 2694 2029 2761 inmensam
2050 2695 2117 2761 cle·

259 2816 339 2860 mus.
384 2796 471 2860 Per.t
1212 2793 1372 2858 mentiam
1395 2793 1534 2875 supplici
1555 2804 1638 2858 uoto
1660 2793 1849 2875 deposcere,
1866 2803 1903 2858 ut
1927 2815 1987 2858 nos
2009 2794 2116 2859 samu-

640 2882 780 2947 διψία·
1211 2892 1262 2957 los
1290 2907 1367 2958 tuos
1396 2902 1431 2958 et
1460 2893 1571 2958 ieiunii
1606 2893 1828 2959 maceratione
1862 2895 2052 2976 castigatos,
2083 2904 2118 2960 et

299 3007 446 3091 Suscipe,
461 3029 653 3091 quesumus,
674 3008 817 3086 domine¹
838 3027 952 3089 preces
975 3007 1089 3092 populi
1112 3009 1159 3072 tui
1212 2993 1328 3058 celeris
1343 2993 1507 3058 bonosum
1523 2991 1783 3057 exhibitionibus
1799 2993 1956 3072 eruditos,
1971 2993 2002 3056 in
2024 3013 2118 3058 mall·

257 3127 330 3171 cum
346 3108 569 3172 oblationibus
591 3107 785 3184 hostiarum,
802 3118 836 3171 et
851 3117 909 3170 tua
930 3107 1088 3190 mysteria
1106 3128 1159 3172 ce.
1211 3093 1298 3157 datis
1316 3092 1381 3156 tuis
1402 3092 1503 3158 iacias
1522 3112 1734 3175 perseuerare
1754 3092 1907 3170 sinceros
1923 3101 1958 3156 et
1977 3095 2021 3158 ad
2042 3114 2116 3176 pas-

257 3207 430 3285 lebrantes,
459 3207 504 3271 ab
536 3208 691 3272 omnibus
724 3228 785 3271 uos
822 3206 965 3270 defende
999 3207 1159 3291 periculis,
1211 3192 1318 3257 chalia
1332 3192 1419 3257 leste
1433 3193 1606 3275 peruenire
1620 3191 1760 3265 inlaesos,
1773 3190 1895 3274 Sicque
1910 3193 2116 3274 presentibus

257 3307 340 3371 Per-⁷
1211 3293 1340 3376 gaudiis
1362 3292 1577 3370 consolemur,
1595 3293 1750 3375 quatinus
1776 3293 1820 3356 ad
1846 3301 1972 3357 aetema
1994 3292 2117 3376 gaudia

621 3392 794 3473 Praefatio.
1212 3393 1398 3476 pertingere
1415 3411 1611 3456 mereamur.
1657 3392 1720 3455 Per
1738 3390 1928 3456 christum³.

1579 2554 1752 2638 Profatio.

297 3520 341 3586 U.
359 3521 402 3584 D.
418 3531 543 3587 aeteme
566 3521 657 3585 deus.
701 3521 878 3603 Tuamque
901 3520 1158 3586 misericordiam
1514 3555 1575 3620 Ad
1592 3555 1818 3638 compleam·

255 3621 444 3705 suppliciter
458 3641 604 3698 exorare,
619 3631 657 3687 ut
679 3619 874 3685 ieiuniorum
896 3630 1083 3686 nostrorum
1106 3642 1159 3684 sa·

255 3731 424 3786 crosancta
448 3721 606 3803 mysteria
628 3728 696 3784 tuae
719 3721 786 3785 sint
807 3720 926 3802 pietati
949 3740 1082 3802 semper
1104 3741 1159 3784 ac·

255 3830 369 3904 cepta3
393 3818 634 3902 Concedasque
645 3829 681 3884 ut
691 3840 832 3902 quorum
844 3839 981 3902 corpora
991 3820 1159 3884 abstinen-
1271 3884 1278 3897 ,

255 3921 309 3984 tiae
345 3918 579 3984 obseruatione
617 3928 834 3995 macerantur,
867 3929 995 3984 mentes
1026 3940 1160 4002 quoque
1210 3903 1364 3967 genmus’

1255 3684 1444 3762 Sumentes,
1467 3685 1610 3760 domine,
1635 3685 1725 3749 dona
1751 3683 1897 3749 caelestia
1924 3681 2117 3767 suppliciter

1211 3786 1429 3867 deprecamur
1443 3794 1481 3849 ut
1496 3803 1571 3866 quae
1594 3782 1710 3848 sedula
1724 3783 1893 3858 seruitute,
1909 3781 2057 3848 donante
2073 3794 2116 3863 te,

1388 3882 1498 3966 dignis
1524 3883 1675 3948 sensibus
1692 3891 1751 3947 tuo
1776 3903 1913 3947 munere
1936 3883 2115 3966 capiamus.

256 4019 431 4083 uirtutibus
462 4028 496 4084 et
533 4017 720 4084 caelestibus
752 4019 911 4084 institutis
947 4029 1159 4084 exornentur.
1213 3982 1322 4050 P⁶¹⁴³

259 4119 317 4184 Per
331 4119 490 4184 christum
513 4118 685 4182 dominum
710 4118 887 4184 nostrum³.
1543 4093 1606 4158 Ad
1619 4092 1782 4176 populum.

554 4270 616 4335 Ad
632 4271 861 4355 complendum·
1255 4225 1450 4293 Subiectum
1476 4223 1536 4288 tibi
1560 4223 1731 4307 populum,
1755 4243 1945 4306 quesumus,
1971 4223 2114 4301 domine,

1211 4327 1403 4410 propitiatio
1433 4323 1575 4390 caelestis
1607 4321 1798 4404 amplificet,
1826 4332 1860 4388 et
1889 4323 1955 4386 tuis
1984 4343 2116 4405 semper

298 4395 492 4462 sanctificet
529 4419 598 4476 Μ’
633 4399 778 4475 domine’
809 4418 876 4481 qua
909 4396 998 4479 pasti
1033 4416 1158 4474 ⁸¹¹¹m¹⁸’
1210 4427 1310 4491 faciat
1346 4425 1468 4490 seruire
1506 4423 1682 4488 mandatis.
1736 4421 1799 4486 Per
1835 4422 2008 4486 dominum
2039 4443 2114 4485 nos·

256 4517 367 4579 mensi
382 4494 431 4582 (a)
447 4496 595 4576 calesti&
611 4506 646 4562 et
667 4518 688 4561 a
709 4499 838 4563 cunctis
860 4497 1024 4562 erroribus
1044 4495 1160 4578 expia·
1211 4536 1325 4590 ,mm

255 4605 315 4671 tos,
348 4596 498 4681 supernis
534 4597 806 4682 promissionibus
838 4597 958 4662 reddat
994 4605 1173 4679 acceptos.

256 4695 338 4761 Pero

566 4783 850 4867 superoouom.
1243 4770 1485 4900 ¹t,⁵;¹3‡.lti“
1718 4767 2005 4911 &bilibit
2020 4845 2112 4895 aen..

297 4895 461 4971 Concede,
482 4916 672 4978 quesumus,
695 4897 906 4979 omnipotens
929 4895 1020 4973 deus,
1042 4893 1157 4978 utqui
1268 4940 1293 4978 ,a
1308 4927 1382 4978 Oculi
1394 4926 1513 4978 omnium.
1818 4922 2084 4974 estuerbumdomini.

1267 5017 1293 5056 v.
1308 5005 1399 5070 Aperis
1410 5013 1446 5056 tn.
1718 5014 1764 5054 ιν.
1780 5002 1888 5068 surgens
1903 5001 1987 5052 ihesus
1998 5001 2031 5050 de
2041 5017 2112 5064 syna-

286 5085 293 5114 ¹
309 5086 340 5138 0.
351 5103 375 5152 p.
389 5100 445 5150 304.
458 5087 485 5134 Z.
1266 5095 1309 5135 os.
1325 5084 1351 5134 Si
1362 5083 1532 5134 ambulauero.
1816 5080 1905 5146 gogo).

285 5161 337 5214 Ἀ.
354 5165 410 5229 Ego
429 5170 512 5214 autem
532 5163 556 5214 in
576 5163 679 5215 domino
760 5175 827 5216 con.
838 5163 921 5214 Notas
931 5162 993 5214 mihi
1005 5161 1095 5214 iecisti.
1238 5161 1249 5190 ¹
1265 5163 1316 5213 Sec.
1336 5161 1368 5211 ln
1384 5169 1491 5218 tuorum,
1508 5160 1575 5218 due..
1592 5158 1709 5224 pretiosa
1726 5165 1806 5210 morte
1823 5158 1947 5207 iustorum
1965 5155 2113 5206 sucrificium

380 5243 489 5306 sperant.
760 5239 1155 5308 (tocflecdicitdominusdeus,
1205 5239 1270 5290 illud
1288 5239 1422 5300 offerimus,
1441 5240 1541 5305 dequo
1564 5239 1711 5302 martyrium
1731 5236 1839 5302 sumpsit
1857 5251 1933 5286 omne
1952 5235 2110 5302 principium.

312 5329 348 5370 ns.
360 5319 390 5369 In
402 5325 434 5378 te,
447 5320 554 5381 domine,
567 5321 675 5385 sperani.
857 5320 955 5370 honore
965 5327 1070 5386 patrem.
1206 5318 1261 5370 Per.
1281 5319 1309 5368 7.
1834 5345 1837 5351 ·

312 5410 337 5449 ν.
348 5397 468 5448 Miserere
478 5398 548 5449 mihi.
759 5409 804 5451 εν.
816 5400 979 5448 Accesserunt
1001 5397 1035 5447 od
1058 5397 1154 5447 ihesum
1237 5396 1248 5427 ⁸
1264 5396 1297 5446 Ο.
1307 5412 1333 5461 p.
1346 5409 1403 5460 305.
1413 5395 1441 5445 Ζ

311 5487 337 5526 v.
348 5475 505 5526 Conturboto
516 5483 581 5528 sunt.
856 5476 890 5526 ab
901 5475 1096 5542 hierosolymis).
1173 5513 1175 5516 -
1237 5473 1247 5503 ⁴
1263 5474 1309 5524 Ad
1322 5473 1499 5538 complendum.
1530 5471 1570 5522 Sit
1586 5471 1667 5531 nobis,
1681 5470 1746 5528 due..
1760 5471 1909 5520 sacrament
1926 5469 1964 5519 tui
1981 5475 2048 5520 oerto
2064 5469 2112 5520 sal·

310 5565 353 5606 οῖ.
364 5554 482 5610 Domine,
494 5554 533 5605 loc
544 5570 650 5606 mecum.
1204 5551 1282 5610 ustio,
1298 5567 1353 5616 quae
1369 5566 1427 5600 cum
1443 5551 1573 5600 hestorum
1589 5556 1726 5614 martyrum
1742 5555 1842 5600 tuomm
1858 5563 1949 5599 eosrnae
1965 5553 1991 5597 et
2003 5546 2114 5598 damiani

282 5632 340 5684 ³0.
352 5647 377 5698 p.
391 5645 446 5696 305.
458 5633 485 5684 Z.
1204 5631 1299 5682 meritis
1311 5629 1484 5697 implorentur.
1516 5626 1571 5680 Per.
1592 5624 1618 5678 Z.

1890 5733 1919 5784 bi
1939 5734 1958 5784 2
