5124 6608
427 593 499 646 120
614 570 718 647 Dum.
741 569 802 643 rit.
827 581 898 662 pust
921 571 1139 664 {tenturum

784 769 961 852 Proesalia

466 897 510 963 U.
524 896 566 960 D.
579 904 703 960 aeterne
719 895 810 961 deus.
854 893 920 976 Qui
934 914 994 957 nos
1006 892 1200 975 castigando
1216 913 1322 966 sanas,

422 1013 457 1068 et
484 1001 666 1067 refouendo
690 1000 854 1083 benignus
881 1000 998 1077 erudis,
1026 997 1118 1061 Dum
1145 999 1250 1080 magis
1274 998 1324 1061 uis

421 1105 532 1170 saluos
553 1125 624 1168 esse
640 1111 815 1179 correctos,
831 1121 932 1184 quam
947 1100 1053 1183 perire
1069 1099 1225 1164 deiectos.
1263 1098 1326 1162 Per

422 1209 583 1274 christum
593 1205 614 1273 ¹.

718 1291 780 1356 Ad
797 1290 1027 1374 complendum.

465 1419 668 1496 Sentiamus,
694 1420 838 1495 domine,
860 1437 1048 1500 quesumus,
1071 1416 1119 1481 tui
1142 1417 1325 1503 perceptio-

422 1545 498 1589 nem
515 1523 713 1589 sacramenti
729 1523 877 1587 subsidia
894 1522 1014 1586 mentis
1030 1531 1065 1585 et
1076 1522 1230 1603 corporis,
1240 1529 1276 1583 ut
1292 1519 1325 1581 in

421 1635 561 1707 utroque
576 1622 696 1688 saluati
712 1622 853 1687 caelestis
874 1621 1010 1686 remedii
1033 1620 1239 1704 plenitudine
1254 1619 1325 1703 glo·

421 1726 553 1790 riemur.
597 1724 685 1788 Per.t

755 1805 817 1871 Ad
827 1808 992 1891 populum.

467 1934 639 2019 Percipiat,
670 1953 861 2018 quesumus,
891 1932 1034 2006 domine,
1071 1929 1213 2014 populus
1250 1937 1327 1993 tuus

424 2035 681 2100 misericordiam
703 2054 806 2116 quam
824 2032 984 2115 deposcit,
1001 2040 1035 2094 et
1050 2052 1153 2113 quam
1173 2040 1328 2114 precatur

421 2135 592 2200 humiliter
612 2132 854 2218 indulgentiam
873 2140 1093 2216 consequatur
1116 2140 1150 2196 et
1172 2139 1313 2214 pacem.t

423 2233 528 2302 Per².‚

595 2459 750 2523 asumma
764 2457 834 2522 stru
856 2461 924 2538 pust
945 2457 1156 2538 pantaenum.

468 2604 690 2689 Omnipotens
714 2614 748 2670 et
770 2602 955 2667 misericors
978 2605 1069 2680 deus,
1089 2602 1132 2666 de
1147 2603 1240 2666 cuius
1255 2621 1326 2664 mu·

423 2729 502 2775 nere
517 2710 609 2775 uenit
624 2719 662 2774 ut
676 2708 736 2773 tibi
755 2729 776 2772 a
791 2706 944 2771 fidelibus
959 2706 1025 2771 tuis
1047 2707 1146 2789 digne
1162 2714 1197 2769 et
1212 2705 1327 2769 lauda-

422 2810 533 2874 biliter
554 2810 724 2885 seruiatur,
749 2806 865 2884 tribue,
889 2826 1077 2891 quesumus,
1101 2805 1197 2870 nobis
1223 2814 1260 2869 ut
1282 2805 1326 2869 ad

422 2909 658 2992 promissiones
700 2919 774 2974 tuas
816 2906 887 2970 sine
929 2904 1110 2970 offensione
1147 2924 1325 2969 curramus.

425 3009 513 3076 Perr

806 3093 946 3157 Secreta.

469 3219 618 3296 Hostias,
636 3237 823 3303 quesumus,
846 3216 989 3295 domine,
1005 3216 1167 3298 propitius
1182 3216 1326 3294 intende,

425 3340 508 3403 quas
523 3321 624 3386 sacris
644 3317 803 3383 altaribus
826 3316 1032 3393 exhibemus,
1049 3325 1085 3380 ut
1101 3315 1195 3380 nobis
1218 3315 1326 3380 indul-

423 3421 573 3502 gentiam
598 3419 777 3502 largiendo,
803 3427 861 3482 tuo
891 3415 1015 3480 nomini
1046 3416 1127 3481 dent
1157 3416 1326 3499 honorem.

308 3589 312 3599 ,
425 3519 511 3584 Pera

788 3601 962 3685 Proesatrb.

1573 567 1677 644 Dum.
1701 568 1750 641 rt.
1776 579 1847 661 pust
1872 567 2088 662 Decumum.

1708 765 1770 830 Ad
1781 767 1947 849 populum.
2008 741 2010 744 .

1421 897 1643 980 Omnipotens
1664 896 1864 980 sempiterne
1879 899 1970 976 deus,
1986 917 2045 980 per
2061 918 2159 981 quem
2175 899 2277 981 coepit

1376 1021 1449 1064 esse
1464 998 1554 1082 quod
1578 1017 1643 1060 non
1667 1005 1745 1073 erat,
1766 1007 1799 1060 et
1814 996 1939 1061 sactum
1962 1007 2013 1062 est
2036 998 2165 1063 uisibile
2186 999 2277 1082 quod

1377 1098 1511 1172 latebat,
1528 1096 1705 1162 stultitiam
1728 1097 1831 1160 nostri
1854 1096 1962 1161 cordis
1985 1097 2137 1176 emunda,
2153 1107 2187 1162 et
2202 1119 2276 1181 quae

1376 1199 1410 1261 in
1425 1197 1521 1262 nobis
1536 1205 1613 1260 sunt
1633 1195 1789 1260 uitiorum
1810 1205 1937 1260 secreta
1960 1195 2104 1278 purifica,
2120 1206 2157 1260 ut
2171 1198 2276 1281 possi·

1377 1318 1451 1362 mus
1470 1297 1531 1362 tibi
1547 1295 1681 1360 domino
1696 1316 1780 1379 pura
1796 1305 1907 1360 mente
1922 1297 2054 1359 seruire.
2099 1296 2161 1361 Per
2169 1295 2191 1358 ¹.

1560 1673 1716 1740 Danista
1729 1676 1772 1740 m.
1792 1679 1862 1756 prat
1882 1678 2095 1759 perterretur&

1423 1834 1645 1919 Omnipotens
1672 1837 1872 1919 sempiterne
1895 1838 1985 1916 deus,
2008 1837 2052 1914 da
2075 1836 2170 1902 nobis
2192 1838 2276 1918 fidei,

1379 1937 1459 2020 spei,
1489 1946 1524 2001 et
1550 1937 1696 2000 caritatis
1720 1946 1950 2020 augmentum,
1974 1947 2008 2002 et
2036 1946 2073 2001 ut
2094 1958 2278 2004 mereamur

1378 2036 1509 2118 assequi
1539 2035 1636 2117 quod
1659 2036 1834 2117 promittis,
1864 2034 1916 2100 iac
1950 2055 2011 2100 nos
2039 2057 2152 2102 amare
2188 2039 2275 2122 quod

1377 2136 1529 2221 precipis.
1574 2135 1660 2200 Per.t

1759 2251 1900 2316 Secreta.

1423 2379 1615 2464 Propitiare,
1630 2382 1774 2458 domine,
1791 2380 1916 2464 populo
1930 2389 1998 2460 tu0,
2014 2381 2192 2464 propitiare
2207 2404 2277 2447 mu·

1379 2481 1520 2557 neribus,
1532 2490 1569 2545 ut
1577 2479 1640 2546 hac
1650 2480 1817 2546 oblatione
1826 2481 1985 2564 placatus,
1996 2490 2030 2544 et
2040 2480 2275 2565 indulgentiam

1380 2582 1474 2645 nobis
1489 2580 1623 2661 tribuas,
1642 2591 1677 2646 et
1692 2580 1861 2663 postulata
1876 2583 2049 2646 concedas.
2094 2581 2180 2645 Pera

1739 2771 1913 2854 Praefatio
1931 2753 1935 2762 ¹

1423 2903 1467 2969 U.
1480 2903 1523 2966 D.
1536 2910 1658 2967 aeteme
1674 2902 1764 2968 deus.
1788 2902 1855 2985 Qui
1871 2923 1931 2966 nos
1947 2904 1991 2968 de
2005 2903 2101 2967 donis
2117 2904 2276 2969 bonorum

1379 3003 1620 3086 temporalium,
1651 3004 1694 3068 ad
1724 3003 1972 3086 perceptionem
2001 3003 2156 3086 prouehis
2186 3014 2277 3069 aeter-

1379 3124 1504 3181 norum,
1521 3113 1554 3167 et
1569 3101 1642 3166 haec
1656 3101 1783 3179 tribuis,
1800 3113 1834 3167 et
1849 3101 1907 3166 illa
1920 3103 2058 3186 largiris,
2072 3103 2121 3168 Ut
2138 3112 2173 3168 et
2187 3123 2277 3168 man-

1379 3203 1462 3267 suris
1476 3203 1543 3267 iam
1558 3201 1755 3284 incipiamus
1771 3202 1865 3266 inseri
1881 3211 1915 3266 et
1930 3203 2194 3285 pretereuntibus
2212 3223 2277 3266 non

1378 3303 1503 3381 teneri3
1526 3300 1637 3364 Tuum
1655 3311 1707 3366 est
1722 3301 1810 3366 enim
1831 3303 1921 3384 quod
1942 3302 2094 3382 uiuimus,
2109 3303 2187 3385 quia
2201 3302 2278 3367 licet

1378 3401 1506 3486 peccati
1536 3399 1674 3465 uulnere
1704 3409 1821 3464 natura
1859 3409 1971 3465 nostra
2000 3402 2044 3465 sit
2073 3402 2200 3479 uitiata,
2230 3403 2278 3467 tui

1378 3513 1491 3568 tamen
1507 3510 1558 3566 est
1573 3501 1691 3584 operis,
1706 3511 1745 3564 ut
1766 3500 1887 3566 terreni
1908 3501 2057 3583 generati
2078 3502 2122 3566 ad
2145 3500 2278 3586 celestia

1378 3621 1596 3674 renascamur.
1643 3601 1705 3664 Per
1719 3600 1877 3665 christum
1889 3599 1911 3666 ³.

468 3725 514 3794 U.
532 3729 575 3795 D.
591 3737 715 3794 aeterne
730 3727 821 3795 deus.
862 3727 950 3811 Quia
965 3736 1002 3792 tu
1020 3727 1054 3791 in
1069 3735 1181 3791 nostra
1196 3747 1327 3810 semper
1414 3737 1417 3746 '
1433 3775 1440 3794 .

425 3828 548 3893 iaciens
586 3828 779 3893 infirmitate
818 3828 984 3903 uirtutem,
1026 3827 1199 3892 ecclesiam
1233 3837 1326 3893 tuam

425 3929 511 3992 inter
529 3926 670 3992 aduersa
696 3948 841 3993 crescere
866 3927 1017 4006 tribuisti,
1036 3936 1073 3991 ut
1099 3947 1201 4011 quum
1231 3936 1327 4010 puta·

426 4037 517 4092 retur
538 4048 706 4111 oppressa,
725 4038 806 4092 tunc
827 4027 937 4110 potius
960 4027 1145 4110 preualeret
1168 4025 1326 4101 exaltata,

426 4128 520 4190 Dum
542 4127 640 4191 simul
668 4135 702 4191 et
728 4127 968 4209 experientiam
993 4125 1070 4190 fidei
1093 4124 1239 4190 declarat
1269 4127 1327 4190 ad-

426 4225 540 4301 flictio,
564 4235 598 4290 et
620 4225 888 4290 uictoriosissima
914 4245 1045 4308 semper
1071 4232 1270 4308 perseuerat,
1293 4233 1328 4289 te

427 4326 616 4405 adiuuante,
632 4325 775 4391 deuotio.
820 4325 884 4388 Per
898 4325 1056 4428 christum
1066 4322 1091 4390 ⁴.

723 4491 784 4556 Ad
801 4493 1028 4575 complendum.

467 4618 625 4686 Viuificet
645 4637 714 4695 nos,
731 4639 922 4702 quesumus,
940 4619 1083 4696 domine,
1106 4615 1204 4683 huius
1226 4615 1327 4702 parti-

425 4719 549 4803 cipatio
571 4725 687 4782 sancta
710 4718 869 4799 mysterii,
893 4726 928 4782 et
950 4718 1074 4801 pariter
1094 4716 1190 4782 nobis
1213 4717 1327 4800 expia·

427 4820 552 4884 tionem
567 4818 691 4884 tribuat
707 4825 741 4882 et
756 4818 934 4883 munimen.
979 4818 1042 4882 Per
1055 4817 1252 4882 dominum

459 5010 518 5062 ¹0.
530 5027 556 5076 p.
568 5022 624 5072 330.
638 5009 665 5060 Ζ.

458 5086 470 5116 ¹
486 5087 574 5148 Tuere,
589 5087 653 5144 dne..
664 5085 786 5152 populum
802 5091 881 5144 tunm,
892 5091 918 5137 et
934 5085 1085 5136 salutaribus
1100 5084 1216 5137 remediis
1232 5101 1329 5151 semper

427 5165 540 5216 adiutum
548 5163 676 5216 beneficiis
685 5165 774 5216 attolle
782 5164 906 5216 continuis
917 5171 942 5215 et
955 5163 1044 5214 mentis
1055 5169 1081 5215 et
1092 5163 1209 5230 corporis.
1229 5163 1283 5214 Per.
1301 5164 1328 5216 Z.

460 5243 470 5275 ³
486 5255 513 5294 Α.
525 5243 639 5308 Respioe,
653 5241 763 5294 domine.
948 5253 992 5292 or.
1004 5243 1034 5292 In
1045 5248 1071 5294 te
1082 5241 1188 5308 spemui,
1197 5241 1306 5292 domine.

488 5333 526 5370 1³8.
537 5321 573 5372 Ut
583 5320 652 5385 quid,
665 5321 732 5372 deus.
949 5331 992 5370 00.
1004 5320 1099 5371 Panem
1109 5319 1141 5371 de
1152 5318 1223 5370 caelo.

487 5409 514 5448 a.
525 5396 639 5462 Respice,
651 5397 763 5450 domine.
950 5400 1003 5462 (aa.
1015 5398 1268 5466 Abrahqdictpeunt.

490 5486 518 5526 v.
531 5476 638 5540 Exurge,
650 5476 757 5531 domine.
949 5488 994 5528 av.
1022 5476 1096 5527 Dixit
1136 5475 1221 5529 ihesus
1258 5473 1329 5528 disci·

489 5562 534 5604 nr..
545 5551 714 5606 confitemini.
1037 5555 1124 5622 pulis).

462 5629 520 5683 ‘0-
532 5646 557 5697 r·
569 5642 626 5696 as1·
639 5631 667 5684 Z·

1674 3792 1737 3857 Ad
1754 3791 1982 3876 complendum.

1424 3922 1586 4006 Sumptis,
1610 3923 1752 4000 domine,
1776 3921 1964 3988 caelestibus
1986 3923 2209 4004 sacramentis,
2234 3925 2278 3989 ad

1380 4023 1618 4106 redemptionis
1630 4032 1761 4105 aeterne,
1773 4043 1963 4106 quesumus,
1975 4023 2186 4106 proficiamus
2200 4045 2278 4108 aug·

1380 4132 1540 4188 mentum.
1584 4123 1669 4186 Pera

1711 4233 1773 4298 Ad
1783 4233 1950 4316 populum.

1426 4362 1648 4447 Omnipotens
1688 4363 1887 4446 sempiterne
1924 4362 2015 4440 deus,
2046 4363 2098 4429 iac
2130 4385 2189 4429 nos
2218 4364 2278 4430 tibi

1381 4484 1514 4548 semper
1528 4473 1562 4528 et
1577 4465 1734 4529 deuotam
1749 4482 1864 4545 gerere
1879 4461 2098 4540 uoluntatem,
2114 4473 2148 4528 et
2164 4465 2280 4529 maies-

1381 4566 1442 4631 tati
1458 4573 1525 4629 tuae
1540 4562 1665 4628 sincero
1681 4561 1779 4627 corde
1795 4561 1925 4626 seruire.
1970 4561 2034 4626 Per
2043 4560 2067 4626 ⁴.

1413 4837 1423 4870 ¹
1440 4839 1496 4892 Gel.
1505 4857 1530 4906 p.
1541 4838 1598 4906 691.
1616 4838 1750 4890 Familiam
1758 4845 1835 4898 tuam,
1846 4855 1878 4904 q.,
1892 4837 1954 4896 dne..
1966 4837 2059 4890 caelesti
2070 4840 2224 4905 protectione
2235 4840 2279 4890 cir·

1381 4919 1478 4977 curtida,
1490 4925 1518 4968 ut
1534 4925 1560 4970 te
1574 4923 1690 4983 pascente
1702 4919 1735 4967 sit
1746 4917 1833 4975 libera,
1843 4925 1869 4968 te
1884 4917 2039 4968 custodiente
2052 4919 2152 4969 amalis
2167 4918 2281 4968 omnibns

1380 5001 1515 5050 sitseeura
1549 4998 1604 5049 Per.
1618 4997 1645 5048 Z

1414 5075 1425 5105 ¹
1442 5079 1495 5140 (ΕΡ.
1507 5075 1602 5141 Spiritu
1611 5072 1748 5124 ambulate.

1443 5166 1488 5208 av.
1506 5153 1575 5204 Dum
1602 5153 1650 5202 iret
1674 5152 1757 5202 ihesus
1782 5151 1809 5202 in

1512 5230 1681 5294 hiemsalem).

1441 5321 1468 5362 Α.
1480 5310 1610 5361 Protector
1620 5314 1712 5359 noster.

1442 5401 1479 5440 rs
1491 5389 1575 5454 Quam
1587 5385 1712 5440 amabilis.

1414 5469 1472 5521 ⁸0.
1484 5484 1510 5535 p.
1523 5483 1579 5533 33²·
1591 5467 1619 5520 Z.

1414 5547 1424 5579 ⁴
1440 5546 1497 5600 Gel.
1509 5563 1535 5614 p.
1546 5545 1603 5610 586.
1625 5544 1737 5612 Respice,
1754 5541 1818 5605 dne..
1835 5543 1959 5610 propitius
1974 5544 2074 5610 plebem
2089 5550 2168 5605 tuam,
2184 5551 2218 5597 et.
2226 5553 2282 5597 toto

1383 5627 1431 5680 tibi
1442 5625 1516 5679 corde
1526 5624 1662 5678 subiectam
1672 5622 1792 5691 presidiis
1804 5621 1895 5675 inuicte
1906 5622 2007 5689 pietatis
2018 5624 2114 5678 attolle.
2147 5625 2200 5676 Per.
2217 5625 2244 5676 Z

1901 5087 1928 5125 R.
1940 5073 2036 5125 Bonum
2047 5079 2085 5125 est
2096 5073 2215 5126 confiteri.

1901 5163 1927 5202 V.
1938 5153 2036 5203 Bonum
2047 5157 2084 5204 est
2095 5169 2201 5219 sperare.

1901 5241 1963 5280 aar..
1976 5231 2094 5281 Paratum
2105 5246 2148 5282 oor
2160 5245 2250 5281 meum.

1900 5318 1944 5360 or.
1956 5307 2065 5359 Inmittit
2077 5307 2188 5375 angelus.

1901 5395 1944 5437 co.
1955 5386 2031 5438 Panis
2038 5401 2112 5452 quem
2120 5401 2169 5452 ego
2179 5385 2280 5437 dedero.
