5124 6608
401 638 448 726 48
1079 635 1136 714 ur
1162 635 1322 729 dimutto
1348 635 1579 721 struimus

597 833 756 900 boninus
777 811 906 898 struma
925 833 1000 897 luna
1020 833 1105 897 initii.

449 951 567 1019 Omnis
582 951 661 1016 luna
676 971 752 1034 quae
767 971 904 1015 accensa
919 949 1014 1013 suerit
1036 949 1080 1014 ab
1094 959 1214 1014 octaua
1229 949 1304 1015 idus

406 1041 558 1105 februarii
573 1061 677 1122 usque
692 1039 798 1122 pridie
814 1058 973 1102 nonarum
990 1037 1107 1110 manli,
1120 1037 1304 1102 dominicus

405 1129 476 1192 dies
490 1129 547 1211 qui
562 1120 710 1210 sequitur
725 1126 814 1190 illam
835 1125 1015 1189 secundam
1038 1124 1151 1188 lunam
1174 1125 1303 1189 initium

405 1215 466 1279 erit
482 1213 755 1298 quadragesimae,
770 1223 804 1278 et
819 1213 846 1276 si
861 1213 1031 1276 bissextus
1045 1211 1142 1276 suerit
1158 1212 1211 1276 uel
1228 1232 1303 1277 non.

537 1390 696 1457 bonitus
717 1391 935 1471 quartanarius
955 1391 1030 1455 luna
1049 1387 1168 1472 paseha.

450 1508 568 1574 Omnis
583 1509 661 1571 luna
676 1528 750 1591 quae
765 1528 904 1572 accensa
919 1505 1016 1571 suerit
1037 1508 1081 1570 ab
1097 1515 1215 1571 octaua
1231 1507 1305 1570 idus

407 1597 515 1661 martii
540 1617 646 1677 usque
667 1616 772 1659 nonas
793 1595 921 1677 aprelis,
944 1594 1129 1658 dominicus
1151 1594 1223 1658 dies
1248 1595 1304 1675 qui

406 1684 554 1765 sequitur
568 1683 658 1746 illam
674 1691 827 1764 quartam
850 1683 1013 1746 decimam
1029 1681 1140 1745 lunam
1157 1681 1228 1744 dies
1244 1681 1305 1745 erit

405 1771 546 1854 paschae,
561 1782 595 1835 et
610 1771 637 1833 si
652 1770 820 1834 bissextus
835 1768 932 1833 suerit
949 1769 1001 1832 uel
1018 1783 1093 1834 non.

540 1955 700 2022 domiuus
720 1955 863 2034 hinccine
883 1955 958 2017 luna
978 1954 1171 2033 curationum.
1198 1950 1201 1958 “

450 2073 569 2140 Omnis
584 2071 661 2137 luna
677 2093 752 2157 quae
767 2092 905 2136 accensa
921 2071 1017 2136 suerit
1039 2071 1082 2135 ab
1098 2079 1215 2135 octaua
1232 2069 1304 2134 idus

405 2161 525 2244 aprelis
556 2181 660 2242 usque
688 2171 806 2242 quarta
832 2179 991 2224 nonamm
1019 2159 1093 2234 mai,
1119 2157 1304 2222 dominicus

405 2251 475 2313 dies
506 2248 562 2330 qui
592 2249 740 2329 sequitur
773 2247 968 2329 trigesimam
1004 2246 1125 2322 lunam,
1156 2245 1304 2327 precedit

405 2336 582 2402 secundam
613 2333 728 2398 seriam
759 2335 977 2417 rogationum,
1009 2333 1104 2396 etsi
1137 2333 1304 2396 bissextus

406 2422 503 2488 suerit
519 2422 571 2486 uel
588 2441 664 2486 non.

556 2598 715 2665 bantinus
736 2603 848 2679 quarta
867 2599 942 2660 luna
961 2600 1152 2680 prntrrrstrn.

449 2715 567 2781 Omnis
586 2716 663 2778 luna
678 2735 751 2799 quae
774 2734 912 2778 accensa
928 2711 1024 2776 suerit
1039 2732 1059 2774 a
1073 2710 1179 2794 pridie
1202 2730 1303 2775 nona·

405 2824 476 2868 rum
498 2803 564 2866 mai
586 2823 691 2886 usque
711 2803 808 2867 tertia
831 2820 991 2864 nonarum
1015 2799 1102 2874 iunii,
1118 2798 1303 2862 dominicus

404 2892 475 2956 dies
490 2891 545 2972 qui
562 2891 710 2973 sequitur
725 2888 816 2953 illam
832 2896 983 2970 quartam
1007 2885 1130 2964 lunam,
1145 2885 1218 2950 dies
1241 2886 1302 2950 erit

404 2986 628 3059 pentecosten,
644 2986 677 3041 et
692 2977 722 3040 si
735 2976 902 3041 bissextus
917 2973 1013 3038 suerit
1030 2973 1082 3036 uel
1099 2993 1175 3037 non.

535 3160 694 3227 Iirnninus
713 3161 823 3225 utrina
843 3161 917 3224 luna
938 3157 1168 3240 septuagesima.

448 3276 567 3342 Omnis
590 3273 667 3340 luna
689 3296 764 3361 quae
786 3295 925 3340 accensa
947 3272 1043 3337 fuerit
1062 3293 1082 3337 a
1104 3282 1200 3337 sexta
1228 3272 1302 3336 idus

1491 833 1650 900 boninus
1671 833 1889 914 quartaurttmo
1908 833 1983 897 luna
2002 832 2122 916 panda.

1400 951 1480 1016 Post
1495 951 1692 1016 duodecima
1706 949 1866 1016 kalendas
1886 949 2006 1033 aprelis
2028 951 2060 1014 in
2081 948 2180 1034 quale
2197 949 2254 1014 da-

1355 1049 1463 1103 tarum
1480 1038 1592 1102 lunam
1607 1048 1760 1122 quartam
1775 1040 1939 1103 decimam
1955 1038 2126 1112 inueneris,
2143 1037 2187 1101 ibi
2203 1036 2255 1100 sac

1356 1127 1533 1190 terminum
1549 1125 1715 1209 paschale.

1491 1286 1650 1352 boninus
1670 1286 1813 1366 litamina
1832 1287 1907 1350 luna
1926 1287 2119 1366 strutionum.

1400 1405 1480 1470 Post
1502 1404 1618 1489 quinta
1639 1402 1799 1469 kalendas
1821 1402 1899 1467 iunii
1926 1403 1959 1466 in
1981 1403 2079 1487 quale
2100 1403 2253 1467 datarum

1356 1493 1468 1557 lunam
1485 1501 1636 1574 quartam
1651 1491 1821 1565 inueneris,
1839 1492 1882 1554 ibi
1898 1490 1949 1555 Iac
1963 1492 2140 1556 terminum
2161 1511 2254 1573 roga·

1356 1579 1480 1646 tionale
1495 1575 1748 1665 (pentecosten).

1507 1738 1666 1805 bantinus
1688 1744 1800 1821 quarta
1819 1741 1894 1804 luna
1913 1744 2105 1822 prutrcnstm.

1402 1853 1481 1920 Post
1507 1866 1604 1920 sexta
1629 1854 1788 1919 kalendas
1818 1853 1885 1918 mai
1911 1855 1944 1918 iu
1974 1852 2072 1937 quale
2101 1854 2253 1918 datarum

1357 1941 1470 2005 lunam
1501 1944 1694 2026 uigesimam
1724 1943 1895 2017 inueneris,
1926 1942 1970 2006 ibi
2001 1942 2052 2005 fac
2076 1941 2253 2006 terminum

1356 2038 1572 2110 pentecosten
1588 2025 1866 2118 (rogationalem).

1489 2192 1648 2258 Ilrnntnus
1667 2191 1778 2255 utrina
1797 2190 1872 2253 luna
1891 2187 2121 2271 septuagesima

1398 2311 1610 2393 Vbicumque
1626 2309 1788 2373 inuenerIs
1803 2307 1968 2373 decimam
1986 2305 2098 2371 lunam
2114 2315 2190 2388 post
2205 2304 2253 2368 ui·

1356 2400 1515 2481 gesimam
1528 2395 1662 2484 (mxx.)
1674 2397 1785 2461 lunam
1801 2395 1945 2474 ianuarii,
1958 2393 2002 2458 ibi
2014 2394 2065 2458 sac
2078 2395 2253 2457 terminum

1356 2487 1617 2587 septuagesimae,
1634 2485 1666 2548 in
1689 2483 1839 2566 sequenti
1855 2482 2020 2546 domiuica
2041 2481 2102 2545 erit
2123 2489 2254 2562 septua-

1355 2593 1491 2656 gesima.

1551 2729 1710 2796 dminus
1731 2733 1860 2794 secunus
1879 2728 1954 2791 Inna
1974 2727 2058 2790 Initii.

1397 2849 1606 2932 Vbicumque
1636 2846 1801 2922 inueneris
1830 2844 2008 2908 secundam
2039 2842 2151 2906 lunam
2178 2853 2254 2924 post

1355 2949 1472 2999 .xx1x.
1484 2936 1595 2999 lunam
1607 2934 1769 3014 februarii,
1777 2933 1821 2996 ibi
1832 2932 1882 2996 sac
1894 2931 2072 2996 terminum
2084 2927 2166 2994 initii
2174 2941 2251 3004 ‚xL.‚

1355 3033 1387 3089 et
1403 3025 1436 3087 in
1452 3022 1602 3106 sequenti
1618 3021 1784 3106 dominica
1800 3019 1860 3084 erit
1875 3015 2136 3101 quadragesima.

1489 3183 1648 3253 brutinus
1669 3181 1888 3263 quartuurtirnu
1906 3179 1981 3242 luna
2001 3175 2120 3260 pascha.

1396 3303 1605 3382 Vbicumque
1621 3299 1783 3364 inueneris
1799 3307 1950 3382 quartam
1963 3296 2125 3360 decimam
2140 3293 2252 3356 lunam

403 3363 539 3466 {amansii
578 3385 681 3468 usqu?
717 3373 850 3464 sexlam
882 3360 1047 3464 decimam
1085 3359 1301 3462 kalendarum
1352 3400 1430 3473 post
1443 3402 1543 3452 .xxx.
1556 3388 1670 3470 lunam
1682 3387 1800 3461 martii,
1813 3385 1858 3449 ibi
1870 3385 1921 3448 fac
1933 3384 2110 3448 terminum
2122 3377 2253 3464 pasche,

403 3462 520 3526 martir,
545 3451 729 3515 dominicus
753 3450 824 3514 dies
846 3470 902 3532 qur
929 3458 1076 3530 sequ1tur
1099 3446 1190 3511 illam
1212 3446 1300 3510 decr·
1354 3488 1388 3542 et
1404 3478 1436 3540 in
1452 3476 1602 3560 sequenti
1618 3474 1783 3541 dominica
1797 3473 1860 3537 erit
1874 3469 2007 3554 pascha·

403 3557 491 3601 mam
517 3537 630 3602 lunam
657 3535 728 3602 die's
756 3537 816 3600 erit
840 3535 1102 3619 septuagesimae,
1130 3543 1164 3599 et
1186 3534 1213 3598 si
1235 3533 1301 3596 bis-

402 3633 519 3690 sextus
534 3625 631 3689 suerit
647 3625 699 3689 uel
716 3645 791 3688 non.

537 3809 696 3875 bantinus
712 3809 822 3873 utrina
842 3809 916 3871 luno
936 3806 1166 3888 statuarium.

447 3919 526 3990 Post
550 3924 777 3990 sextadecima
802 3921 962 3988 kalendas
988 3919 1124 3986 ianuarii
1148 3916 1241 4007 (leb.)
1268 3920 1300 3982 in

401 4013 499 4093 quale
516 4012 667 4076 datarum
688 4012 800 4075 lunam
822 4011 985 4075 decimam
1002 4009 1173 4085 iuueneris,
1190 4007 1235 4070 ibi
1250 4007 1301 4070 fac

401 4099 577 4162 terminum
594 4098 880 4182 septuagesimale.

596 4275 904 4358 dominumtuum
924 4274 998 4337 luno
1019 4271 1104 4336 initii.

1486 3635 1646 3702 dominns
1667 3634 1814 3714 sigusina
1833 3635 1908 3697 luna
1927 3631 2120 3712 rogaturum.

1395 3754 1605 3836 Vbicumque
1632 3749 1795 3817 inueneris
1818 3747 2013 3832 trigesimam
2038 3745 2150 3812 lunam
2177 3757 2252 3830 post

1354 3855 1471 3906 .xxlx.
1489 3840 1604 3904 lunam
1626 3839 1755 3923 aprelis,
1779 3838 1824 3901 ibi
1843 3837 1895 3901 sac
1913 3835 2090 3901 terminum
2110 3834 2252 3917 rogatio·

1354 3949 1441 4007 num,
1469 3939 1503 3994 et
1529 3948 1670 4010 sequens
1699 3925 1864 3990 dominica
1895 3922 2042 4006 precedit
2072 3921 2251 3985 secundam

1353 4017 1467 4081 seriam
1483 4015 1703 4098 rogationum.

1507 4175 1666 4240 doninus
1687 4179 1800 4256 quarta
1819 4173 1894 4237 luna
1913 4172 2106 4254 pmtrrnstrn.

1394 4292 1604 4375 Vbicumque
1614 4289 1778 4355 inueneris
1787 4296 1939 4372 quartam
1949 4285 2061 4350 lunam
2071 4292 2253 4367 postxxx.

445 4392 525 4456 Post
546 4393 688 4475 septima
711 4391 784 4456 idus
806 4388 959 4456 februarii
979 4387 1012 4452 in
1032 4385 1131 4471 quale
1146 4386 1300 4450 datarum
1352 4381 1464 4445 lunam
1488 4380 1563 4458 mai,
1585 4379 1630 4442 ibi
1653 4378 1704 4443 Iac
1726 4377 1903 4443 terminum
1923 4380 2146 4456 pentecosten,
2170 4371 2252 4434 etin

401 4478 512 4542 lunam
526 4481 703 4544 secundam
717 4478 887 4552 inueneris,
900 4477 944 4540 ibi
959 4474 1011 4542 fac
1026 4475 1204 4540 terminum
1219 4492 1300 4556 qua-

400 4566 626 4650 dragesimale.

1353 4467 1503 4567 sequenti
1529 4465 1695 4529 dominica
1721 4466 1782 4529 erit
1809 4471 2026 4545 pentecostes,
2050 4468 2083 4522 et
2109 4458 2156 4522 ita
2182 4457 2252 4520 sine

1353 4575 1462 4621 errore
1478 4573 1635 4618 rnuemes.

1073 4744 1234 4811 daminus
1255 4748 1385 4810 simnia
1404 4742 1479 4805 luna
1499 4739 1585 4804 mut.

465 4877 476 4925 I
576 4875 674 4926 Octone
684 4874 778 4924 martis.

465 4967 491 5016 II
579 4967 674 5016 Temos
686 4965 774 5016 februi.

464 5056 505 5106 III
576 5056 759 5108 Senusmartis.

464 5147 520 5197 1111
578 5147 695 5197 Vndenas
706 5146 801 5198 martis.

465 5238 488 5287 V
578 5237 649 5288 Senis
660 5236 748 5288 februi.

464 5329 502 5377 VI
575 5328 664 5378 Temis
675 5329 769 5380 martis.

464 5418 516 5468 vn
574 5417 716 5481 Quartdeue
728 5418 821 5470 martis.

465 5509 530 5559 VIII
577 5509 665 5560 Nonas
675 5510 769 5562 martis.

466 5600 547 5649 VIIII
579 5599 652 5652 Sexte
662 5601 756 5652 martis.

467 5692 492 5741 X
579 5691 666 5742 Idibus
676 5690 764 5744 februi.

892 4869 998 4922 kalende
1009 4870 1116 4936 quinque
1163 4869 1187 4918 V

896 4963 979 5013 idibus
991 4962 1065 5012 assiu.
1166 4959 1178 5008 1

893 5053 1092 5104 nonusiusenis.
1164 5050 1202 5100 VI

893 5143 1013 5195 kalendas
1024 5142 1097 5194 binis.
1163 5141 1192 5191 Il

895 5235 978 5285 idibus
988 5234 1072 5301 quinis
1164 5231 1189 5280 V

894 5325 1000 5377 kalende
1011 5326 1099 5376 tribus.
1165 5323 1206 5372 III

891 5416 997 5467 kalende
1007 5431 1088 5466 senos.
1162 5413 1200 5462 VI

893 5513 1101 5573 eccequaternos.
1163 5502 1220 5553 IIII

896 5598 1002 5650 kalende
1012 5603 1116 5664 septem.
1164 5588 1220 5644 VII

895 5691 920 5741 in
931 5690 1011 5741 tribus
1022 5689 1144 5738 constant.
1164 5685 1205 5735 III

1415 4863 1456 4915 XI
1530 4864 1669 4928 Quartanas
1680 4860 1773 4911 martis.

1416 4955 1468 5006 x11
1527 4955 1615 5004 Nonas
1631 4951 1757 5003 kalendas.

1416 5045 1482 5096 XIII
1528 5045 1652 5110 Quattuor
1662 5044 1724 5096 idus.

1416 5111 1496 5187 xm'1
1529 5134 1762 5186 xnenuasmnrs.

1416 5228 1466 5279 XV
1531 5226 1667 5276 Duodmas
1678 5225 1770 5276 martis.

1416 5317 1480 5370 XVI
1531 5317 1645 5382 septenis
1654 5317 1741 5367 februi.

1415 5409 1494 5460 XVII
1530 5409 1656 5473 Quartane
1663 5407 1778 5458 kalende.

1416 5499 1508 5550 XVIII
1530 5497 1660 5563 Quindene
1671 5499 1764 5549 martis.

1415 5591 1480 5642 XIX
1531 5588 1613 5640 Pridie
1623 5604 1709 5640 nom.

1853 4856 2053 4908 nonasinassin.
2122 4854 2136 4904 1

1852 4950 1938 5000 martis
1949 4949 1975 4998 in
1985 4947 2092 5013 quadris
2121 4945 2176 4995 1111

1852 5042 1932 5093 februi
1942 5047 2047 5106 septem.
2121 5037 2173 5087 VII

1853 5133 2037 5198 etiamquinos.
2123 5129 2147 5178 V

1853 5223 2079 5275 kalendnsiuuno.
2123 5221 2136 5270 1

1854 5315 1937 5366 idibus
1948 5319 2074 5380 quattuor.
2124 5311 2178 5361 1111

1851 5406 1938 5457 martis
1948 5405 2053 5456 duabus.
2123 5402 2150 5451 11

1852 5495 1958 5547 kalende
1968 5493 2057 5562 quiuis.
2122 5493 2146 5542 V

1855 5585 2072 5638 misinensis.
2121 5583 2162 5632 111
