5148 6612
404 607 448 677 14
689 581 760 674 {ro
785 575 1007 653 laniatibus.

399 784 484 845 ihesu
505 781 603 845 christi
623 781 781 843 refectione
796 777 930 856 uegetati,
946 773 1093 854 supplices
1108 784 1137 834 te
1151 789 1300 850 rogamus,

400 877 589 958 omnipotens
604 875 685 946 deus,
700 885 732 935 ut
751 874 807 934 bec
825 871 960 934 salutaria
977 877 1158 930 sacramenta
1175 866 1301 927 famulos

400 985 468 1033 tuos
496 981 525 1032 et
552 970 676 1031 famulas
705 969 756 1029 .r'll.
785 967 920 1046 precibus
948 975 1049 1040 sancte
1078 963 1125 1024 dei
1152 961 1302 1039 genitricis

400 1067 502 1142 marie,
516 1066 554 1126 ab
573 1065 656 1125 omni
677 1064 796 1124 uinculo
817 1062 975 1140 iniquitatis
995 1060 1160 1128 absoluant,
1175 1067 1204 1116 et
1220 1056 1302 1135 quic·

401 1162 473 1240 quid
491 1162 521 1221 in
540 1179 644 1221 eorum
661 1169 760 1219 mente
774 1157 912 1218 uitiosum
926 1168 971 1217 est
984 1173 1086 1217 eorum
1100 1150 1303 1213 medicationis

402 1255 483 1316 dono
504 1266 618 1316 curetur
628 1274 635 1328 ;
658 1254 726 1314 lidei
741 1271 869 1331 quoquc,
887 1253 958 1330 spei,
974 1249 1159 1326 caritatisque
1178 1244 1303 1324 gemmis

402 1359 521 1411 ornatos
536 1361 644 1425 aeterne
658 1348 800 1409 felicitatis
814 1347 968 1426 participes
982 1345 1116 1406 efficiant.
1158 1342 1222 1402 Per.

652 1511 764 1586 ffllaaa
785 1528 836 1593 pro
857 1510 1060 1574 familiaribus.

446 1643 555 1706 Omnia
579 1662 637 1723 que
661 1644 756 1705 fecisti
780 1643 876 1716 nobis,
901 1642 1028 1714 domine,
1050 1641 1080 1699 in
1104 1654 1178 1698 uero
1198 1635 1305 1697 iudicio

403 1739 504 1812 fecisti,
518 1739 587 1817 quia
603 1739 791 1817 peccauimus
806 1739 856 1798 tibi
879 1747 908 1797 et
928 1734 1073 1794 mandatis
1091 1732 1148 1793 tuis
1168 1749 1230 1792 non
1252 1731 1306 1790 ob-

404 1833 577 1906 oediuimus;
610 1833 662 1893 sed
684 1831 722 1892 da
742 1820 1000 1910 gloriam'nomini
1021 1839 1081 1900 tuo,
1096 1838 1126 1886 et
1140 1826 1186 1886 fac
1208 1825 1306 1884 nobis·

404 1945 473 1988 cum
488 1927 650 1987 secundum
664 1927 877 1987 multitudinem
891 1922 1089 1996 misericordie
1103 1931 1160 1980 tue.

444 2021 588 2083 Psalmas.
610 2019 740 2100 Magnus
754 2021 901 2080 dominus.

825 2151 931 2213 oraro.

448 2259 539 2334 Deus,
555 2262 605 2339 qui
620 2263 746 2322 caritatis
767 2261 847 2323 dona
867 2281 920 2341 per
933 2262 1055 2338 gratiam
1077 2259 1169 2320 sancti
1190 2257 1309 2335 spiritus

405 2367 522 2418 tuorum
557 2355 693 2417 cordibus
727 2357 856 2418 fidelium
891 2356 1030 2428 infudisti,
1059 2355 1097 2415 da
1131 2353 1246 2414 famulis
1280 2361 1310 2412 et

406 2450 572 2511 famulabus
591 2451 647 2511 tuis
668 2449 717 2511 .N.
737 2469 792 2529 pro
814 2452 920 2529 quibus
940 2462 1021 2511 tuam
1038 2450 1230 2528 deprecamur
1252 2446 1309 2508 cle·

407 2545 547 2605 mentiam
562 2544 684 2605 salutern
705 2548 811 2605 mentis
825 2557 854 2606 et
868 2546 1007 2623 corporis,
1021 2553 1053 2604 ut
1073 2554 1102 2603 te
1124 2553 1186 2603 tota
1205 2543 1310 2601 uirtute

408 2639 539 2719 diligant,
560 2648 590 2698 et
610 2657 668 2717 quq
688 2641 740 2700 tibi
761 2640 868 2718 placita
888 2651 956 2700 sunt
976 2650 1039 2700 tota
1064 2639 1219 2699 dilectione
1244 2654 1310 2714 per-

409 2735 515 2796 ficiant
558 2734 637 2796 Perr

651 2867 745 2928 Lectio
758 2870 833 2928 libri
842 2869 1050 2930 machabeorum
1058 2869 1077 2930 ¹.

451 2974 488 3033 Ιιι
502 2974 605 3035 diebus
625 2973 680 3036 illis
698 2976 861 3037 orationem
884 2977 1030 3037 faciebant
1051 2977 1227 3048 sacerdotes,
1242 2975 1311 3035 dum

410 3068 548 3128 offerrent
569 3069 744 3130 sacrificium
763 3089 817 3148 pro
837 3071 948 3150 populo
962 3072 1056 3144 israel,
1071 3071 1192 3132 ionatha
1209 3070 1311 3130 incho-

412 3174 488 3235 ante,
503 3164 605 3240 ceteris
624 3175 722 3226 autem
743 3166 997 3245 respondentibus,
1016 3178 1046 3228 et
1066 3167 1239 3238 dicentibus,
1255 3165 1313 3225 Be-

413 3257 536 3319 nefaciat
555 3259 640 3320 uobis
658 3259 731 3321 deus
749 3270 779 3321 et
800 3263 963 3323 meminerit
980 3263 1144 3324 testamenti
1165 3262 1218 3333 sui,
1232 3259 1313 3339 quod

412 3352 471 3412 ad'
498 3353 639 3414 abrabam
669 3365 699 3416 et
733 3356 811 3417 isaac
847 3367 876 3416 ct
904 3358 990 3417 iacob
1017 3356 1133 3418 locutus
1160 3357 1225 3418 est'
1255 3373 1314 3416 ser-

413 3466 518 3508 uorum
539 3466 657 3509 suorum
678 3449 815 3510 fidelium.
856 3449 896 3512 Et
916 3452 966 3512 det
986 3452 1072 3512 uobis
1093 3470 1144 3511 cor
1168 3451 1314 3521 omnibus,

1665 562 1711 636 lla
1735 554 1943 633 mutatum.

1354 765 1436 829 statis
1452 763 1463 797 ¹
1478 761 1700 824 adorationem²
1719 758 1852 819 dimittite
1874 757 1899 818 si
1923 755 1994 836 quid
2015 753 2130 815 habetis
2152 751 2254 813 adner-

1355 879 1405 922 sus
1427 859 1553 937 aliquem
1563 876 1572 932 ;
1594 866 1626 916 ut
1647 865 1677 915 et
1698 863 1781 933 pater
1802 863 1908 923 uester,
1929 850 2032 929 quiin
2053 850 2124 912 celis
2144 863 2195 924 est,
2214 853 2256 911 di·

1355 957 1449 1016 mittat
1469 953 1555 1014 uobis
1575 950 1681 1012 delicta
1703 959 1806 1010 uestra
1849 945 1941 1020 Quod
1965 946 1989 1006 si
2014 963 2069 1008 uos
2091 963 2153 1007 non
2174 946 2258 1006 dimi·

1356 1049 1457 1122 seritis,
1469 1065 1524 1108 nec
1545 1057 1627 1125 pater
1644 1055 1748 1118 uester,
1763 1043 1814 1122 qui
1830 1042 1862 1101 in
1882 1042 1953 1102 celis
1967 1051 2020 1115 est,
2035 1041 2159 1102 dimittet
2172 1043 2258 1102 uobis

1355 1155 1475 1224 peccata
1488 1151 1592 1202 uestra

1401 1236 1590 1315 offertorium.
1612 1234 1737 1314 Sperent
1755 1233 1829 1294 inte
1847 1231 2016 1310 omnesqui
2037 1241 2183 1292 nonerunt
2203 1252 2258 1292 no·

1357 1350 1426 1392 men
1453 1341 1546 1401 tuum,
1571 1330 1700 1402 domine,
1723 1327 1864 1406 quoniam
1892 1344 1954 1387 non
1982 1325 2159 1404 derelinquis
2186 1345 2259 1405 quq-

1357 1436 1454 1486 rentes
1469 1435 1505 1486 te.
1547 1423 1663 1484 Psallite
1685 1423 1807 1484 domino
1829 1422 1880 1500 qui
1900 1419 2011 1481 habitat
2031 1421 2062 1480 in
2083 1439 2167 1498 syon,
2184 1439 2260 1499 quo-

1359 1523 1435 1580 niam
1451 1537 1513 1579 non
1527 1529 1571 1578 est
1585 1517 1692 1577 oblitus
1706 1517 1869 1578 orationem
1885 1534 2055 1594 pauperum.

1753 1644 1873 1707 Secreta.

1400 1757 1549 1829 Miserere,
1571 1774 1740 1835 quesumus,
1762 1754 1891 1826 domine,
1912 1754 2027 1815 famulis
2047 1763 2077 1815 et
2098 1755 2262 1818 famulabus

1360 1855 1416 1913 tuis
1436 1851 1484 1912 .N.
1503 1870 1559 1929 pro
1580 1853 1686 1929 qulbus
1706 1851 1765 1911 hoc
1787 1849 1961 1909 sacrificium
1981 1849 2075 1910 laudis
2096 1861 2145 1926 tue
2166 1852 2262 1912 offeri·

1360 1965 1427 2007 mus
1454 1946 1607 2017 maiestati,
1632 1956 1664 2005 nt
1697 1964 1749 2024 per
1773 1944 1829 2018 bec
1857 1955 1959 2004 sancta
1986 1963 2111 2023 superne
2138 1946 2263 2007 beatitu-

1361 2041 1437 2102 dinis
1457 2040 1581 2120 gratiam
1602 2041 1762 2112 obtineant,
1777 2047 1806 2098 et
1819 2037 1942 2117 gloriam
1962 2049 2061 2116 eterne
2078 2041 2264 2102 beatitudinis

1361 2136 1524 2215 adquirant.
1566 2133 1645 2194 Pers

1746 2248 1886 2328 Prgsafr'o.

1402 2358 1440 2419 U.
1455 2360 1492 2420 D.
1508 2369 1616 2420 aeterne
1631 2357 1712 2418 deus.
1745 2355 1938 2417 Clementiam
1960 2368 2039 2417 tuam
2060 2359 2161 2434 pronis
2181 2377 2263 2418 men·

1361 2455 1438 2516 tibus
1455 2455 1652 2524 obsecrantes,
1667 2461 1699 2512 nt
1720 2451 1847 2512 famulos
1869 2464 1936 2512 tuos
1957 2469 2032 2529 quos
2054 2463 2156 2527 sancte
2173 2453 2263 2513 dilec-

1362 2551 1449 2611 tionis
1472 2549 1558 2609 nobis
1583 2547 1772 2606 familiaritate
1801 2546 1986 2618 coniunxisti,
2009 2545 2060 2605 tibi
2088 2545 2178 2607 facias
2200 2558 2264 2607 toto

1363 2644 1452 2705 corde
1477 2643 1632 2715 subiectos,
1654 2653 1686 2701 ut
1706 2650 1756 2715 tuq
1777 2641 1901 2700 caritatis
1923 2641 2024 2718 spiritu
2045 2641 2146 2719 repleti
2171 2661 2190 2702 a
2209 2654 2265 2703 ter-

1363 2739 1441 2799 renis
1460 2737 1637 2797 mundentur
1657 2735 1871 2813 cupiditatibus,
1887 2744 1916 2795 et
1930 2735 2029 2796 celesti
2043 2735 2222 2797 beatitudine
2237 2748 2265 2798 te

1364 2835 1493 2894 donante
1507 2831 1588 2911 digni
1602 2830 1768 2891 efficiamur.
1810 2829 1866 2889 Per
1880 2828 2028 2889 christum.

1407 2926 1577 2989 Commum'o.
1598 2925 1705 2994 Arnen,
1719 2923 1786 2984 dico
1809 2923 1893 2983 uobis
1914 2923 2054 3002 quicquid
2074 2935 2192 2985 orantes
2214 2945 2265 3004 pe-

1364 3023 1429 3094 titis,
1444 3021 1551 3081 credite
1566 3019 1635 3098 quia
1648 3018 1806 3097 accipietis,
1821 3027 1850 3078 et
1864 3017 1914 3078 fret
1928 3017 2022 3078 uobis.

1690 3147 1745 3206 Ar
1752 3147 1944 3222 complendum.

1406 3257 1514 3317 Diuina
1537 3255 1659 3315 libantes
1684 3254 1830 3332 mysteria,
1852 3271 2021 3331 quesumus,
2044 3253 2163 3316 domine
2193 3257 2265 3318 deus

1366 3363 1472 3423 noster,
1492 3361 1524 3412 ut
1544 3350 1599 3425 hec
1621 3349 1755 3410 salutaria
1774 3360 1958 3409 sacramenta
1978 3349 2033 3409 illis
2054 3351 2207 3427 proficiant
2227 3353 2266 3412 ad

1367 3446 1588 3525 prosperitatem
1608 3454 1638 3504 et
1661 3461 1775 3521 pacem,
1797 3461 1851 3520 pro
1872 3461 1999 3521 quorum
2020 3461 2201 3523 quarumque
2223 3445 2267 3505 di·

414 3553 446 3601 ut
469 3541 572 3602 colatis
595 3561 671 3617 curn,
695 3553 725 3604 et
746 3544 859 3606 faciatis
887 3546 950 3607 eius
977 3545 1182 3606 noluntatem’.
1234 3543 1314 3604 Ada·
1365 3541 1490 3602 lectione
1511 3539 1567 3614 hec
1588 3549 1636 3614 tue
1657 3537 1815 3599 obtulimus
1836 3537 2004 3597 maiestati?

414 3637 506 3714 perlat
526 3653 578 3696 eor
598 3647 727 3698 uestrum
748 3639 777 3697 in
797 3639 863 3717 lege
885 3658 946 3712 sua,
967 3652 997 3700 et
1021 3640 1051 3699 ln
1079 3639 1223 3718 preceptis
1245 3639 1315 3710 suis,

415 3745 444 3793 et
472 3731 558 3792 faciat
585 3751 707 3810 pacem;
738 3735 873 3796 exaudiat
900 3737 1081 3797 oratiouem⁴
1109 3735 1259 3808 uestraml,
1287 3743 1317 3793 et

416 3823 618 3887 reconcilietur
634 3827 729 3900 uobis,
744 3847 800 3890 nec
820 3848 875 3891 uos
897 3831 1011 3892 deserat
1032 3832 1063 3890 in
1083 3841 1217 3909 tempore
1237 3827 1316 3888 malo

416 3920 554 3980 dominus
568 3919 661 3981 ‘deus
673 3923 791 3983 nesterl.

461 4015 614 4076 Graduale.
640 4014 829 4091 conuertere,
844 4017 973 4091 domine,
987 4019 1205 4098 aliquantidum,
1219 4030 1249 4079 et
1266 4019 1317 4080 de·

417 4127 551 4188 precarer
565 4125 652 4186 super
665 4127 767 4172 seruos
781 4122 855 4173 tuos.

463 4202 499 4264 U.
516 4203 653 4278 Domine,
667 4205 812 4284 refugium
826 4205 920 4268 factus
937 4223 969 4268 es
987 4208 1074 4270 nobis
1091 4227 1109 4268 a
1127 4209 1319 4286 generatione

419 4310 448 4359 et
462 4299 611 4377 progenie.
653 4301 756 4360 nenia.

468 4392 499 4453 V.
521 4391 582 4464 Qui
596 4392 699 4452 timent
719 4393 872 4454 dominum
892 4406 1010 4473 sperent
1027 4395 1058 4455 in
1072 4415 1149 4469 eum,
1164 4395 1278 4457 adiutor
1292 4409 1320 4459 et

419 4495 568 4566 protector
581 4503 684 4548 eorum
698 4497 750 4548 est.

710 4619 866 4682 Secundum
880 4621 1030 4683 marcnm'.

463 4727 500 4786 In
520 4725 570 4786 illo
584 4735 718 4804 tempore
737 4727 809 4787 dixit
827 4728 926 4788 ihesus
945 4728 1095 4806 discipulis
1114 4730 1184 4790 suis.
1224 4731 1323 4792 Amen

424 4822 491 4883 dico
511 4821 606 4894 uobis,
627 4823 697 4898 quia
721 4823 832 4900 siquis’
852 4822 955 4883 dixerit
976 4823 1044 4884 huic
1068 4825 1180 4897 monti;
1205 4825 1324 4886 Tollere

424 4929 454 4978 et
466 4917 580 4977 mittere
594 4916 624 4974 in
638 4935 726 4989 mare,
741 4927 771 4977 et
785 4936 847 4978 non
861 4917 1029 4992 hesitauerit
1045 4919 1077 4978 in
1090 4920 1180 4980 corde
1194 4937 1257 4990 suo,
1272 4920 1325 4980 sed

424 5011 577 5072 crediderit
593 5011 662 5089 quia
675 5013 880 5090 quecumque·
897 5013 1000 5072 dixerit
1014 5014 1072 5086 fiat,
1086 5013 1136 5074 fiet
1155 5015 1192 5074 ei.
1235 5015 1325 5092 Prop

425 5115 503 5166 terea
530 5105 598 5166 dico
624 5107 719 5178 uobis,
743 5107 844 5166 omnia
871 5124 1057 5185 quqcumque
1086 5118 1203 5169 orantes
1230 5108 1326 5185 petitis

426 5199 532 5259 credite
557 5199 626 5277 qula
653 5199 802 5278 accipietis
826 5211 856 5262 et
878 5203 998 5261 uenient
1007 5199 1029 5234 ¹⁰
1056 5201 1150 5262 uobis.
1192 5201 1232 5262 Et
1259 5221 1327 5262 cnm

460 5393 468 5423 ¹
485 5391 570 5442 Macb.
582 5393 599 5443 i.
613 5407 667 5457 ²·5·
794 5394 804 5424 ¹
820 5395 879 5446 Vni.
890 5404 1029 5458 transposes.
1158 5398 1168 5428 ⁸
1183 5395 1242 5446 vat.
1254 5395 1329 5447 eorde

428 5485 522 5534 magno
532 5477 557 5520 et
569 5471 653 5524 animo
664 5472 766 5524 volenti.
869 5473 954 5526 ‘Vul
966 5475 1100 5528 orationes.
1201 5475 1328 5524 'vernas

460 5547 471 5577 ⁸
487 5548 547 5602 Vul.
558 5564 604 5598 om.
714 5548 724 5578 ¹
741 5550 821 5602 Mare.
832 5550 865 5601 xi.
879 5551 966 5603 22-26.
1087 5553 1097 5583 ⁸
1112 5551 1171 5603 Vul.
1182 5550 1329 5617 quicunque.

428 5685 432 5691 ¹
461 5625 737 5694 lvulquodeunrqae.
823 5629 916 5680 ¹⁰an
929 5632 1050 5683 maniat.

1516 3711 1628 3786 ffliasa
1649 3727 1700 3793 pm
1722 3725 1904 3791 quatumque
1925 3709 2119 3774 tribulatium.

1410 3846 1494 3907 Salus
1515 3845 1616 3923 populi
1641 3861 1698 3922 ego
1723 3860 1789 3903 sum
1809 3841 1879 3903 diclt
1899 3841 2045 3914 dominus,
2067 3842 2104 3902 de
2128 3861 2271 3921 quacum-

1369 3960 1428 4020 que
1446 3941 1629 4001 tribulatione
1650 3937 1839 3998 clamauerint
1859 3937 1898 3996 ad
1916 3953 1965 3996 me
1984 3937 2140 3997 exaudiam
2161 3955 2221 4010 eos,
2242 3947 2272 3997 et

1370 4055 1421 4097 ero
1442 4034 1557 4096 illorum
1578 4033 1717 4095 dominus
1739 4033 1768 4091 in
1790 4041 1973 4110 perpetuum.

1411 4115 1555 4190 Psalmur.
1576 4126 1733 4200 Attendite,
1747 4127 1866 4205 popule.

1762 4257 1891 4320 Collecla.

1415 4369 1597 4432 ineffabilem
1625 4367 1854 4430 misericordiam
1881 4377 1962 4426 tuam
1987 4367 2082 4440 nobis,
2105 4385 2274 4445 quesumus,

1374 4468 1563 4545 omnipotens
1584 4464 1665 4535 deus,
1686 4463 1843 4524 clementer
1864 4461 1997 4534 ostende,
2018 4471 2050 4520 ut
2072 4462 2158 4522 simul
2179 4481 2235 4524 nos
2256 4483 2275 4523 a

1375 4560 1503 4640 peccatis
1529 4558 1667 4619 omnibus
1694 4575 1793 4630 exuas,
1822 4564 1851 4616 ct
1878 4575 1897 4616 a
1924 4558 2020 4635 poenis
2047 4574 2121 4635 quas
2148 4574 2203 4635 pro
2231 4558 2276 4619 bis

1376 4673 1522 4716 meremur
1541 4653 1655 4731 eripias.
1697 4651 1777 4711 Perr

1651 4781 1746 4843 Lectio
1758 4783 1832 4844 Ir'bn'
1841 4784 1995 4862 superaret

1418 4893 1558 4954 Miserere
1583 4890 1683 4962 nostri,
1706 4891 1780 4951 deus
1804 4893 1946 4963 omnium,
1970 4902 1999 4951 et
2026 4891 2137 4969 respice
2162 4909 2226 4964 nos,
2249 4903 2278 4952 et

1378 4986 1501 5051 ostende
1527 4985 1614 5045 nobis
1641 4985 1738 5045 lucem
1765 4985 1985 5045 miserationum
2012 4995 2127 5045 tuarum
2134 5004 2144 5059 ς
2176 4997 2206 5046 et
2232 4986 2278 5045 in-

1378 5085 1460 5144 mitte
1481 5081 1616 5141 timorem
1640 5089 1723 5140 tuum
1748 5097 1835 5158 super
1855 5091 1968 5157 gentes,
1990 5099 2048 5158 que
2069 5098 2131 5140 non
2152 5081 2278 5159 exquisi-

1380 5185 1464 5238 erunt
1477 5186 1515 5249 te,
1530 5184 1559 5236 et
1577 5186 1759 5250 cognoscant
1771 5185 1798 5234 te
1813 5175 1884 5252 quia
1902 5193 1964 5235 non
1978 5185 2022 5234 est
2037 5175 2109 5236 deus
2122 5175 2178 5236 nisi
2193 5184 2232 5247 tn,
2248 5187 2280 5236 ut

1379 5279 1513 5332 enarrent
1536 5267 1683 5346 magnalia
1704 5279 1762 5330 tua.
1816 5269 1920 5330 Alleua
1944 5289 2064 5330 manum
2088 5280 2167 5330 tuam
2193 5289 2280 5348 super

1379 5375 1484 5445 gentes
1515 5364 1632 5434 alienas,
1661 5375 1693 5424 ut
1721 5364 1839 5425 uideant
1867 5366 2029 5458 potentiam
2057 5377 2146 5426 tuam.
2200 5364 2280 5425 Sicut

1414 5549 1423 5578 ¹
1438 5549 1498 5599 Vul.
1509 5549 1617 5602 stabitis.

1381 5643 1466 5680 narr.
1478 5641 1549 5680 r-ro.

1754 5548 1765 5579 ¹
1780 5549 1839 5601 vat.
1852 5549 1885 5600 ad
1897 5547 2024 5603 orandam.
2156 5549 2166 5580 ⁸
2183 5549 2282 5601 Eoclus.
