5124 6608
574 585 746 662 {lumbus
763 588 864 660 barat.

670 785 762 851 Alia.

310 897 469 982 Indignos
484 916 553 974 nos,
566 918 755 982 quesumus,
772 897 915 976 domine,
926 895 1069 961 famulos
1081 906 1165 975 tuos,

268 1019 348 1081 quos
363 997 503 1062 actionis
524 997 666 1081 propriae
686 997 784 1081 culpa
806 997 989 1076 contristat,
1006 997 1166 1080 unigeniti

268 1097 323 1161 filii
338 1098 386 1163 tui
402 1118 463 1162 nos
478 1097 624 1162 aduentu
640 1096 783 1162 laetifica.
829 1096 891 1161 Per
906 1096 1074 1162 eundema

656 1232 771 1298 Alia1.

310 1348 443 1422 Praesta,
466 1366 656 1430 quesumus,
684 1346 896 1429 omnipotens
918 1347 1010 1422 deus,
1042 1354 1079 1410 ut
1107 1345 1165 1410 filii

267 1449 313 1512 tui
336 1456 476 1512 uentura
497 1446 700 1511 sollemnitas
727 1457 761 1511 et
785 1446 957 1528 praesentis
979 1445 1076 1510 nobis
1097 1448 1166 1528 uite

267 1547 413 1612 remedia
438 1545 595 1626 conserat,
620 1556 654 1611 et
684 1547 812 1628 premia
840 1554 965 1610 aeterna
995 1546 1165 1611 concedat.

268 1646 329 1712 Per
343 1647 510 1711 eundem.t

667 1730 760 1796 Alia.

273 1921 276 1930 ⁴
309 1843 426 1910 Preces
435 1843 549 1928 populi
559 1842 619 1920 tui,
628 1863 817 1926 quesumus,
830 1843 973 1923 domine,
986 1843 1166 1909 clementer

267 1945 397 2023 exaudi,
409 1945 511 2028 utqui
525 1944 610 2008 iuste
621 1963 680 2026 pro
692 1943 836 2024 peccatis
847 1941 1023 2026 affligimur
1031 1943 1165 2026 pietatis

267 2054 323 2127 tue
338 2044 528 2108 uisitatione
543 2042 760 2108 consolemur.
805 2042 890 2108 Pera

597 2177 659 2242 Ad
677 2177 824 2244 missam.

309 2295 409 2369 Deus,
425 2293 483 2375 qui
497 2292 602 2357 tribus
621 2293 730 2376 pueris
757 2291 915 2375 mitigasti
940 2289 1092 2357 flammas
1114 2291 1163 2375 ig-

266 2395 365 2473 nium,
380 2393 525 2458 concede
540 2381 701 2476 propitius
716 2399 754 2455 ut
769 2411 830 2456 nos
844 2389 986 2456 famulos
1001 2401 1077 2457 tuos
1097 2412 1163 2457 non

265 2504 382 2559 exurat
396 2492 533 2557 flamma
547 2491 712 2556 uitiorum.
746 2491 833 2556 Pers

644 2628 785 2694 Secreta.

309 2741 483 2809 Sacrificiis
498 2740 715 2824 presentibus,
737 2760 925 2824 quesumus
947 2739 1093 2816 domine,
1115 2740 1164 2804 in·

264 2844 364 2910 tende
379 2843 539 2926 placatus,
560 2849 598 2904 ut
616 2850 650 2905 et
668 2840 839 2906 deuotioni
857 2848 969 2904 nostre
991 2840 1163 2924 proficiant

264 2953 298 3008 et
311 2943 419 3008 saluti.
465 2941 553 3005 Pers

620 3025 795 3109 Proefatio.

307 3142 352 3208 U.
368 3141 412 3205 D.
435 3149 560 3205 aeteme
581 3138 672 3204 deus.
718 3136 785 3221 Qui
807 3158 873 3202 non
896 3138 1004 3202 solum
1027 3148 1163 3221 peccata

262 3243 403 3308 dimittis
418 3243 477 3306 sed
498 3241 588 3322 ipsos
606 3241 707 3303 etiam
727 3237 883 3303 iustificas
901 3247 1100 3321 peccatores,
1115 3239 1162 3304 Et

264 3343 326 3407 reis
341 3362 407 3407 non
423 3349 554 3406 tantum
570 3359 688 3422 poenas
703 3337 843 3413 relaxas,
860 3339 918 3403 sed
935 3337 1022 3403 dona
1037 3338 1162 3423 largiris

264 3453 297 3508 et
311 3442 446 3527 premia.
492 3438 594 3504 Cuius
612 3459 671 3502 nos
689 3438 847 3521 pietatem
863 3437 1029 3522 supplices
1043 3459 1161 3503 exora-

265 3563 346 3619 mus,
363 3540 472 3623 utqui
488 3538 616 3603 ieiuniis
639 3547 673 3604 et
695 3537 782 3602 uotis
805 3537 1022 3602 sollemnibus
1043 3539 1162 3602 natiui-

263 3652 367 3708 tatem
393 3639 553 3723 unigeniti
579 3638 628 3702 tui
654 3638 876 3721 preuenimus‚
903 3637 990 3703 illius
1016 3640 1105 3704 dono
1127 3647 1161 3703 et

262 3741 420 3826 presentis
430 3725 806 3823 uiteperturbationibus
815 3758 993 3820 careamus,
1004 3748 1038 3803 et
1047 3750 1161 3805 eterna

263 3862 397 3906 munera
411 3839 589 3924 capiamus.
635 3838 697 3902 Per
711 3857 812 3920 quem
820 3837 842 3904 ².

557 3975 620 4041 Ad
637 3973 864 4058 complendum.

304 4090 503 4175 Quesumus,
519 4089 654 4153 domine
669 4089 751 4153 deus
765 4097 886 4165 noster,
900 4096 937 4151 ut
952 4099 1161 4154 sacrosancta

262 4191 427 4274 mysteria,
443 4210 510 4272 que
524 4208 585 4272 pro
600 4188 816 4271 reparationis
839 4197 960 4252 nostrae
979 4189 1160 4253 munimine

262 4289 435 4365 contulisti,
452 4298 486 4354 et
501 4279 647 4370 praeseirs
662 4288 758 4353 nobis
773 4288 956 4352 remedium
973 4307 1045 4352 esse
1060 4287 1161 4354 facias

260 4399 294 4455 et
307 4391 463 4455 futurum.
511 4388 596 4453 Pera

563 4547 719 4614 numus
738 4551 855 4615 uarat³.

305 4671 435 4747 Excita,
451 4670 594 4748 domine,
610 4689 800 4753 quesumus,
816 4669 1002 4753 potentiam
1018 4680 1111 4735 tuam
1127 4679 1161 4734 et

292 4837 301 4868 ¹
318 4838 466 4890 Benedictus
476 4851 512 4887 es

309 4928 335 4966 v.
347 4916 496 4973 Benedicite,
503 4915 587 4964 omnia
598 4929 682 4980 opera

307 5007 334 5044 v.
345 4993 493 5052 Benedicite,
500 4992 563 5051 mli,
570 4991 681 5044 domiuo.

307 5085 334 5124 v.
346 5071 492 5131 Emedicite,
507 5070 590 5136 angeli
604 5071 683 5122 dorni·

354 5152 390 5207 ui,
402 5149 514 5202 domino.

319 5230 428 5280 Ymnnm
439 5228 522 5279 dicite.

291 5307 304 5340 ²
317 5308 349 5358 Ο.
360 5323 385 5373 p.
400 5305 457 5370 346.
471 5308 498 5357 Z.

307 5400 334 5439 Α.
348 5387 451 5442 Rorate,
462 5384 517 5435 caeli
528 5384 640 5450 desuper.

306 5477 343 5516 ss·
353 5463 417 5516 Caeli
429 5470 552 5514 enarrent.

304 5557 331 5595 ι.
343 5543 426 5607 Prope
437 5547 475 5591 est
485 5541 607 5592 dominns.

303 5635 329 5675 v.
338 5619 551 5672 hudemdomiui
558 5619 680 5686 loquetur.

751 4847 795 4888 mu
808 4835 857 4899 Qui
866 4834 934 4900 regis
944 4834 1026 4886 isreel.

751 4925 778 4964 v.
790 4915 840 4980 Qui
852 4913 922 4963 sedes
933 4929 1013 4979 super.
1070 4963 1076 4976 ,

751 5003 777 5042 v.
790 4992 920 5043 Beniamin
931 4999 956 5042 et
967 5007 1086 5044 ramasse.

751 5083 777 5121 v.
790 5070 885 5127 Excita,
894 5069 1002 5126 domine.
1014 5069 1159 5135 potentiam.

751 5159 794 5200 or.
806 5148 899 5199 Exulta
910 5147 978 5206 satis,
989 5146 1050 5199 filia.

750 5239 795 5278 co.
806 5227 936 5278 Exclusit
948 5234 975 5278 nt
986 5229 1066 5294 giges

687 5306 698 5341 ⁸
712 5305 759 5358 see
769 5322 794 5372 n·
808 5316 848 5371 ⁷9·

768 5395 812 5436 Αι.
824 5383 896 5442 Veni,
908 5383 1017 5442 domine.
1028 5393 1054 5436 et
1065 5385 1126 5436 uoli.

766 5474 809 5514 on.
822 5463 885 5520 Aue,
897 5463 984 5523 muria,
996 5463 1086 5528 gratie.

765 5552 808 5593 σο.
821 5542 887 5594 Ecce
898 5541 969 5606 uirgo
980 5540 1111 5607 concipiet

1523 584 1812 661 wuntntutatut.
2051 607 2121 678 129

1220 785 1305 865 ueni,
1330 793 1364 851 et
1388 805 1510 870 magna
1540 785 1635 852 nobis
1664 785 1787 852 uirtute
1810 804 1970 865 succurre,
2000 796 2038 852 ut
2061 808 2122 872 per

1218 887 1380 952 auxilium
1406 888 1523 971 gratiae
1546 898 1614 953 tuae
1636 889 1726 970 quod
1753 896 1865 952 nostra
1888 896 2025 970 peccata
2046 908 2121 973 pre-

1217 987 1364 1069 pediunt,
1380 985 1585 1071 indulgentia
1603 997 1671 1052 tuae
1687 987 1931 1070 propitiationis
1949 987 2119 1054 acceleret.

1218 1083 1285 1169 Qui
1301 1085 1385 1150 uiuis
1401 1095 1435 1153 et
1451 1100 1593 1170 regnas*

1598 1275 1740 1342 Secreta.

1261 1399 1421 1465 Ecclesiae
1446 1410 1523 1480 ture,
1550 1402 1695 1478 domine,
1719 1421 1856 1468 munera
1878 1403 2056 1482 sanctifica,
2084 1415 2119 1468 et

1217 1502 1364 1564 concede
1391 1508 1428 1566 ut
1453 1520 1513 1584 per
1536 1501 1608 1569 haec
1631 1502 1820 1568 ueneranda
1850 1503 2010 1585 mysteria
2032 1524 2119 1586 pane

1217 1599 1339 1666 caelesti
1352 1600 1440 1666 refici
1457 1620 1649 1668 mereamur.
1691 1602 1755 1667 Per
1768 1601 1972 1670 dominum1.

1582 1787 1754 1871 Proefatio.

1261 1911 1305 1977 U.
1321 1912 1364 1977 D.
1379 1932 1440 1996 per
1453 1911 1612 1978 christum
1628 1915 1801 1979 dominum
1817 1924 1975 1980 nostrum.
2007 1913 2117 1998 Quem

1216 2009 1376 2076 iohannes
1391 2014 1550 2096 precessit
1560 2014 1735 2090 nascendo,
1746 2023 1780 2079 et
1791 2015 1826 2078 in
1840 2014 1980 2079 desertis
1993 2014 2118 2079 heremi

1215 2111 1426 2192 predicando,
1442 2120 1476 2175 et
1497 2111 1530 2176 in
1552 2111 1686 2177 fluentis
1709 2113 1883 2179 iordanicis
1905 2113 2118 2198 baptizando,

1215 2213 1317 2277 etad
1348 2211 1476 2278 inferna
1505 2213 1745 2280 descendendo.
1795 2213 1898 2279 Cuius
1928 2217 2118 2298 uenerande

1215 2313 1398 2377 natiuitatis
1420 2314 1575 2396 proxime
1591 2324 1731 2381 uentura
1751 2314 1959 2380 sollemnitas
1979 2315 2028 2380 ita
2048 2335 2119 2394 nos,

1214 2431 1402 2494 quesumus,
1425 2410 1515 2500 (tibi)
1538 2413 1677 2497 placitos
1700 2415 1828 2494 reddat,
1851 2425 1888 2479 ut
1909 2435 1985 2481 cum
2011 2414 2119 2478 fructu

1214 2511 1376 2576 bonorum
1399 2532 1537 2596 operum
1559 2515 1602 2577 ad
1626 2535 1728 2598 regna
1750 2513 1899 2580 caelestia
1921 2513 2118 2594 introducat,

1215 2609 1265 2676 Ut
1287 2613 1435 2694 parando
1462 2612 1495 2675 in
1526 2612 1680 2678 cordibus
1710 2615 1828 2678 uestris
1854 2613 1944 2676 uiam
1971 2612 2117 2688 domino,

1214 2707 1405 2794 fructusque
1428 2711 1548 2795 dignos
1568 2714 1773 2797 paenitentiae
1793 2713 1956 2790 iaciendo,
1973 2733 2032 2796 per
2046 2733 2120 2798 pre-

1213 2809 1415 2875 dicationem
1430 2810 1591 2887 iohannis,
1607 2813 1878 2897 obtemperemus
1902 2813 2037 2877 monitis
2060 2833 2119 2879 no·

1213 2909 1272 2973 stri
1302 2910 1487 2986 saluatoris,
1517 2910 1640 2994 Sicque
1666 2913 1898 2995 perueniamus
1923 2932 1984 2997 per
2013 2911 2119 2977 filium

1213 3009 1332 3074 sterilis
1347 3010 1390 3073 ad
1405 3008 1510 3073 filium
1527 3011 1670 3094 uirginis,
1682 3032 1741 3094 per
1752 3011 1932 3076 iohannem
1946 3012 2117 3076 hominem

1214 3127 1371 3191 magnum
1381 3109 1424 3173 ad
1437 3109 1581 3174 eundem
1597 3111 1769 3176 dominum
1779 3119 1929 3175 nostrum
1945 3111 2115 3176 hominem

1214 3208 1323 3283 deum,
1347 3207 1413 3290 Qui
1436 3209 1521 3272 sicut
1544 3211 1637 3275 uenit
1658 3211 1702 3277 ad
1726 3231 1787 3275 nos
1809 3211 2038 3276 redimendum
2062 3231 2116 3276 oc·

1213 3307 1330 3382 cultus,
1347 3307 1394 3372 ita
1410 3306 1564 3373 iustificet
1575 3329 1679 3392 quum
1694 3310 1738 3376 ad
1753 3311 1966 3376 iudicandum
1989 3311 2117 3376 uenerit

1214 3406 1416 3473 manifestus.
1462 3408 1525 3473 Per
1540 3408 1670 3492 queml

1510 3595 1572 3659 Ad
1584 3596 1813 3680 cmprendum.

1257 3719 1408 3802 Sumptis
1442 3723 1641 3802 muneribus,
1671 3723 1816 3799 domine,
1848 3743 2040 3807 quesumus,
2079 3734 2116 3787 ut

1213 3839 1289 3885 cum
1311 3820 1578 3904 frequentatione
1600 3822 1747 3906 mysterii
1770 3832 1896 3888 crescat
1918 3833 2040 3888 nostrae
2064 3843 2115 3887 sa-

1212 3919 1288 3986 lutis
1304 3920 1450 3986 effectus.
1496 3921 1583 3986 Peru

1445 4109 1630 4175 Benedr'ctrb
1651 4109 1700 4176 ad
1709 4110 1880 4194 populum.

1256 4235 1479 4318 Omnipotens
1493 4238 1584 4315 deus,
1596 4238 1689 4301 cuius
1703 4236 1863 4320 unigeniti
1879 4238 2063 4302 aduentum
2079 4247 2115 4302 et

1211 4337 1405 4419 preteritum
1428 4335 1570 4413 creditis,
1585 4346 1620 4401 et
1638 4335 1785 4400 futurum
1808 4338 2005 4420 expectatis,
2029 4337 2116 4402 eius·

1211 4436 1289 4499 dem
1306 4437 1469 4500 aduentus
1485 4455 1544 4498 uos
1560 4435 1788 4501 inlustratione
1803 4436 1995 4512 sanctificet,
2007 4445 2041 4500 et
2053 4457 2114 4501 sua

1211 4533 1443 4599 benedictione
1458 4533 1649 4618 locupletet.
1693 4534 1816 4599 Amen.

1257 4634 1297 4698 ln
1313 4634 1473 4716 presentis
1488 4634 1557 4716 uite
1572 4634 1682 4699 stadio
1704 4655 1766 4699 uos
1787 4635 1830 4699 ab
1853 4633 1944 4700 omni
1965 4636 2113 4700 aduersi·

1210 4742 1282 4798 tate
1302 4732 1470 4809 defendat,
1486 4742 1521 4798 et
1539 4754 1577 4800 se
1597 4733 1693 4798 uobis
1715 4735 1748 4798 in
1771 4733 1892 4801 iudicio
1912 4734 2111 4818 placabilem

1210 4833 1375 4900 ostendat
1416 4831 1539 4900 Amen.

1254 4932 1332 5017 Quo
1353 4953 1376 4996 a
1402 4933 1528 4997 cunctis
1552 4940 1765 5014 peccatorum
1787 4932 1948 5015 contagiis
1971 4932 2111 5008 liberati,

1210 5031 1296 5096 illius
1311 5033 1474 5097 tremendi
1487 5031 1650 5096 examinis
1661 5033 1750 5099 diem
1763 5033 1949 5116 expectetis
1961 5033 2111 5096 interriti.

1210 5131 1333 5196 Amen.

1254 5230 1354 5315 Quod
1370 5231 1441 5315 ipse
1456 5240 1602 5314 prestare
1611 5229 1633 5298 ³.

1241 5461 1251 5492 ²
1268 5463 1299 5512 Ε.
1310 5477 1336 5528 p.
1350 5473 1404 5526 194
1428 5459 1560 5512 Sacrificiis
1573 5460 1735 5527 presentibus,
1751 5461 1817 5525 dne,
1833 5461 1947 5528 placatus
1962 5463 2071 5526 intende,
2084 5472 2112 5516 ut

1209 5548 1235 5593 et
1246 5539 1375 5590 deuotioni
1386 5545 1478 5592 nostrae
1489 5539 1622 5606 proficient
1633 5547 1658 5590 et
1670 5539 1753 5591 saluti.
1788 5541 1842 5592 Per.
1860 5542 1887 5590 Z.

1242 5616 1451 5685 'Onon-z·
1842 5619 2007 5687 ’On-374·

1791 5727 1810 5779 s
