5124 6608
616 572 782 658 &abbata

250 771 356 836 fauore
371 789 579 858 prosequere,
594 779 631 833 ut
648 768 894 833 obseruantiam
912 786 1012 849 quam
1030 785 1145 847 corpo·

249 870 356 934 raliter
370 869 578 942 exhibemus,
596 869 762 932 mentibus
784 868 885 932 etiam
902 865 1035 930 sinceris
1051 885 1146 929 exer-

248 991 318 1035 cere
339 970 519 1036 ualeamus.
566 969 628 1032 Per
642 968 815 1032 dominum
831 977 1004 1031 nostrumr

626 1128 767 1194 Secreta.

290 1242 502 1317 Sacrificium,
525 1241 669 1318 domine,
688 1242 910 1306 obseruantia.
933 1239 1145 1323 quadragesi·

248 1342 364 1407 malis¹
395 1342 584 1420 offerimus3
628 1351 758 1425 praesta,
788 1362 977 1424 quesumus,
1011 1349 1049 1405 ut
1085 1339 1145 1404 tibi

247 1455 375 1507 mentes
399 1453 529 1508 nostras
551 1443 670 1506 reddat
692 1451 854 1525 acceptas,
878 1452 912 1505 et
935 1441 1146 1506 continentiae

247 1543 458 1626 promptioris
472 1542 568 1606 nobis
584 1542 707 1606 tribuat
722 1541 924 1606 facultatem.
969 1541 1057 1612 Rern

544 1703 605 1768 Ad
617 1704 844 1787 complendum.

289 1818 415 1882 Tribue
438 1817 541 1897 nobis,
564 1838 753 1900 quesumus,
769 1817 979 1898 omnipotens
1003 1815 1094 1892 deus,
1111 1824 1148 1880 ut

248 1919 334 1982 dona
346 1918 500 1993 caelestia,
511 1938 587 2000 quae
597 1918 712 1982 debito
724 1916 969 2000 frequentamus
979 1916 1148 2000 obsequio,

246 2017 402 2084 salutaria
418 2017 513 2082 nobis
529 2018 647 2100 iugiter
661 2019 852 2082 sentiamus.
899 2015 961 2080 Per
970 2015 993 2080 ².

556 2180 665 2263 Super
670 2179 835 2263 populum.

290 2308 407 2388 Tuere,
422 2307 566 2384 domine,
580 2305 741 2389 populum
764 2316 868 2379 tuum,
886 2315 920 2369 et
935 2303 978 2368 ab
994 2305 1149 2369 omnibus

249 2409 393 2494 peccatis
407 2407 588 2471 clementer
603 2406 757 2483 emunda,
772 2405 850 2488 quia
867 2405 896 2468 ei
912 2404 1002 2468 nulla
1018 2404 1150 2469 nocebit

248 2510 432 2576 aduersitas
469 2510 496 2571 si
526 2507 615 2570 nulla
646 2506 835 2570 dominetur
864 2505 1028 2587 iniquitas.
1089 2503 1151 2568 Per

250 2611 419 2676 dominum
436 2617 610 2673 nostrum.⁷

618 2791 752 2857 Sabbata
760 2792 780 2854 ⁸.

293 2928 437 3000 Adesto,
460 2927 603 3000 domine,
631 2926 927 3008 supplicationibus
958 2924 1086 3000 nostris
1118 2934 1152 2989 et

251 3031 393 3095 concede
416 3038 453 3092 ut
473 3028 536 3092 hoc
555 3026 716 3091 sollemne
735 3027 901 3103 ieiunium,
922 3027 1013 3109 quod
1033 3025 1153 3088 animis

251 3130 505 3214 corporibusque
526 3128 678 3191 curandis
699 3126 872 3191 salubriter
887 3126 1075 3190 institutum
1092 3133 1151 3198 est,

253 3231 373 3294 deuoto
389 3228 524 3293 seruitio
539 3226 753 3291 celebremus.
802 3227 865 3290 Per
880 3226 1053 3290 dominum
1063 3222 1086 3289 ⁴.

632 3381 774 3448 Secreta.

295 3493 442 3576 Suscipe,
465 3491 609 3570 domine,
631 3494 825 3558 sacrificium
848 3493 940 3560 cuius
963 3504 997 3558 te
1019 3492 1152 3557 uoluisti

253 3593 427 3677 dignanter
461 3593 689 3657 immolatione
725 3593 870 3677 placari;
909 3603 1039 3676 praesta,
1072 3612 1153 3675 que·

254 3713 372 3772 sumus,
382 3703 419 3757 ut
428 3690 526 3755 huius
538 3692 732 3776 operatione
742 3692 1151 3777 mundati‚beneplacitum

254 3793 310 3859 tibi
333 3802 455 3858 nostrae
475 3792 595 3857 mentis
611 3793 787 3857 offeramus
803 3793 970 3858 aflectum.
1015 3794 1077 3857 Per
1092 3793 1151 3855 do·

255 3895 376 3962 minum
393 3891 576 3957 nostrum⁶.

551 4038 612 4101 Ad
622 4039 849 4121 complendum.

297 4150 447 4217 Caelestis
471 4153 539 4233 uite
562 4170 698 4215 munere
716 4154 871 4236 uegetati,
888 4172 1076 4235 quesumus,
1093 4154 1151 4216 do-

255 4252 350 4327 mine,
366 4261 403 4316 ut
422 4251 511 4333 quod
536 4259 588 4314 est
610 4250 706 4314 nobis
721 4251 754 4314 in
770 4253 914 4334 presenti
936 4253 1004 4316 uita
1028 4262 1152 4334 myste-

253 4353 335 4416 rium
351 4351 410 4415 fiat
425 4350 621 4414 aeternitatis
641 4350 813 4414 auxilium.
861 4351 923 4416 Per
938 4352 1109 4416 dominum
1120 4353 1141 4416 ⁶.

562 4514 670 4596 Super
675 4516 839 4598 pupulum.

298 4628 349 4691 Da
376 4626 500 4710 populo
523 4635 591 4701 tuo,
614 4648 803 4710 quesumus,
826 4628 1038 4712 omnipotens
1061 4631 1152 4707 deus,

288 4825 295 4854 ,
415 4824 421 4835 .

287 4902 297 4932 ¹
312 4823 438 4968 ξῗὴιῗ
447 4823 573 4967 FSpiritum
585 4901 738 4958 nobisdne..
750 4909 800 4953 tuae
811 4903 921 4954 caritatis
933 4903 1042 4962 infunde,
1052 4910 1079 4954 ut
1091 4920 1154 4969 quos

254 4996 305 5030 unu
317 4981 411 5031 caelesti
426 4995 490 5045 pane
506 4979 603 5030 satiasti
620 4987 664 5030 tua
680 4980 757 5031 facias
772 4983 865 5047 pietate
876 4983 1018 5034 concordes.
1057 4984 1111 5034 Per.
1126 4984 1153 5034 Z.

254 5060 381 5126 Compare
392 5058 448 5109 Gel.
462 5073 487 5122 p.
497 5057 554 5120 506.

288 5137 337 5186 Ἀ.
350 5137 419 5186 Dum
430 5136 572 5187 clamarem.
763 5139 834 5202 (Lae.
846 5138 872 5188 Si
884 5139 1014 5190 abstuleris
1025 5139 1057 5190 de
1071 5140 1154 5190 medio

315 5227 340 5264 n.
356 5215 435 5280 Supra
447 5215 502 5277 (uel
517 5214 613 5264 audiuit
633 5214 676 5266 do·
860 5217 905 5266 tui.

386 5293 476 5354 minus,
489 5294 626 5356 utsupra).
762 5304 808 5342 uu.
820 5293 1051 5346 Cumseroiactum
1063 5297 1146 5357 esset).

287 5371 298 5400 ¹
313 5369 367 5422 Gel.
376 5387 402 5436 p.
414 5383 470 5434 507.
487 5369 677 5420 Obseruationis
688 5370 756 5436 prius
771 5387 854 5421 annua
866 5372 1018 5423 caelebritate
1034 5373 1153 5431 laetentes.

251 5466 289 5516 q..
297 5449 359 5510 due,
369 5457 396 5499 ut
404 5448 563 5514 paschalibus
575 5449 716 5500 actionibus
724 5448 863 5500 inherentes
870 5451 950 5515 plenis
961 5450 1014 5502 eius
1025 5451 1155 5502 affectibus

251 5527 412 5594 gaudeamus.
447 5527 502 5577 Per.
515 5529 542 5578 Z.

286 5607 298 5638 ⁸
315 5606 369 5657 Gel.
381 5622 406 5672 p.
418 5619 474 5670 507.
756 5603 817 5654 ⁸1n.
829 5622 854 5671 p.
866 5609 922 5671 508.

1432 565 1529 640 ilnltiu
1551 565 1832 657 &restauratum
2054 588 2096 664 75

1201 774 1234 828 et
1255 773 1379 828 aeterne
1403 767 1628 848 promissionis
1646 768 1767 848 gaudia
1792 789 1946 851 quaerere,
1962 779 1994 834 et
2011 791 2101 854 quae-

1199 865 1263 928 sita
1279 865 1375 928 citius
1392 867 1547 930 inuenire.
1593 867 1655 930 Per
1665 865 1701 928 ¹.t

1355 1114 1520 1179 Duuinttu.
1548 1115 1675 1180 initium
1690 1119 1943 1198 quaucupralua’.

1329 1264 1391 1327 Ad
1402 1272 1550 1327 sanctum
1567 1265 1736 1329 iohannem
1753 1267 1787 1329 in
1804 1265 1970 1330 lateranis.

1245 1397 1360 1474 Daue,
1377 1411 1444 1474 Qu1
1461 1412 1670 1462 uectusrau
1687 1413 1794 1464 Tuan
1812 1415 1944 1467 annua
1961 1403 2104 1484 quadra-

1200 1497 1350 1578 gesimali
1375 1499 1607 1562 obseruatione
1629 1499 1790 1582 purificas,
1817 1512 1938 1582 praesta
1968 1501 2102 1564 familiae

1200 1606 1276 1674 tuae,
1289 1608 1326 1662 ut
1341 1600 1431 1680 quod
1443 1619 1463 1660 a
1478 1608 1513 1662 te
1528 1599 1678 1663 obtinere
1693 1599 1890 1664 abstinendo
1907 1601 2030 1678 nititur,
2040 1600 2102 1665 hoc

1201 1697 1297 1761 bonis
1312 1698 1468 1780 operibus
1484 1709 1695 1780 exsequatur.
1741 1698 1803 1762 Per
1817 1700 2016 1764 dominum

1515 1943 1518 1948 Ι
1536 1857 1644 1940 Super
1655 1857 1774 1922 oblata.

1247 1982 1450 2047 Sacrificium
1475 1985 1768 2067 quadragesimalis
1795 1983 1877 2048 initii
1901 1984 2105 2049 sollemniter

1201 2081 1423 2161 immolamus,
1459 2093 1501 2162 te,
1533 2085 1676 2160 domine,
1707 2082 1932 2167 deprecantes,
1962 2094 1999 2148 ut
2030 2103 2104 2148 cunr

1203 2185 1373 2267 epularum
1393 2186 1600 2250 restrictione
1616 2187 1795 2251 carnalium
1811 2209 1831 2251 a
1846 2188 1956 2251 noxiis
1971 2208 2106 2271 quoque

1202 2284 1432 2368 uoluptatibus
1448 2294 1682 2369 temperemus.
1729 2286 1790 2350 Per
1805 2287 2004 2350 dominumr

1567 2451 1740 2533 Proesatzb.

1248 2576 1292 2641 U.
1309 2577 1351 2641 D.
1374 2597 1434 2658 per
1456 2577 1615 2641 christum
1639 2577 1811 2641 dominum
1835 2585 1994 2641 nostrum.
2038 2575 2105 2660 Qui

1204 2677 1403 2740 continuatis
1426 2678 1647 2760 quadraginta
1669 2676 1785 2742 diebus
1808 2685 1842 2741 et
1865 2677 2025 2755 noctibus,
2042 2677 2106 2742 hoc

1205 2775 1359 2839 ieiunium
1387 2796 1453 2840 non
1481 2777 1625 2859 esuriens
1653 2776 1829 2840 dedicauit.
1875 2777 1995 2841 Postea
2018 2778 2106 2840 enim

1205 2876 1317 2940 esuriit
1333 2895 1399 2939 non
1416 2887 1486 2940 tam
1503 2877 1625 2958 cybum
1637 2875 1819 2954 hominum,
1834 2896 1935 2958 quam
1955 2875 2104 2952 salutem,

1205 2976 1277 3040 Nec
1298 2995 1457 3039 aescamm
1473 2975 1679 3040 saecularium
1696 2975 1811 3056 epulas
1833 2975 2030 3058 concupiuit,
2046 2977 2104 3040 sed

1204 3076 1387 3139 animarum
1404 3075 1605 3140 desiderauit
1620 3076 1731 3157 potius
1747 3075 1966 3139 sanctitatem.
1991 3072 2105 3156 Cybus

1204 3196 1348 3258 namque
1375 3177 1444 3238 eius
1471 3186 1523 3240 est
1550 3175 1735 3258 redemptio
1764 3174 1973 3258 populorum,
2000 3174 2105 3255 cybus

1204 3275 1273 3339 eius
1288 3285 1339 3340 est
1354 3285 1444 3340 totus
1464 3275 1550 3339 bone
1574 3274 1755 3339 uoluntatis
1769 3273 1915 3338 affectus.
1963 3271 2028 3356 Qui
2045 3294 2105 3336 nos

1205 3375 1318 3438 docuit
1344 3375 1472 3457 operari
1504 3395 1569 3438 non
1596 3373 1704 3438 solum
1731 3374 1863 3456 cybum,
1887 3372 1944 3456 qui
1969 3373 2106 3436 terrenis

1205 3474 1346 3557 dapibus
1361 3482 1548 3556 apparatur,
1561 3468 1738 3538 sedetiam
1751 3491 1837 3548 eum,
1850 3473 1906 3555 qui
1919 3472 2106 3537 diuinarum

1205 3575 1437 3657 scripturarum
1455 3573 1596 3638 lectione
1611 3574 1796 3656 percipitur.
1845 3571 1904 3637 l'er
1919 3593 2018 3655 quem
2029 3569 2052 3632 ³.

1508 3737 1569 3800 Ad
1575 3735 1802 3818 complendum.

1247 3858 1313 3922 Tui
1345 3880 1414 3938 nos,
1444 3860 1589 3936 domine,
1620 3861 1817 3926 sacramenti
1846 3860 1963 3924 libatio
1992 3871 2107 3924 sancta

1205 3969 1373 4036 restauret,
1398 3967 1431 4023 et
1458 3980 1478 4023 a
1504 3969 1672 4026 uetustate
1701 3970 1869 4044 purgatos,
1894 3961 1927 4024 in
1958 3961 2106 4042 mysterii

1205 4059 1356 4123 salutaris
1370 4059 1471 4124 saciat
1485 4060 1624 4125 transire
1638 4062 1850 4126 consortium.
1895 4060 1982 4124 Per.t

1532 4220 1782 4305 adpopulumt

1247 4348 1387 4426 Adesto,
1404 4347 1547 4426 domine,
1563 4347 1858 4431 supplicationibus
1879 4348 2007 4422 nostris,
2024 4348 2106 4411 etin

1205 4456 1262 4511 tua
1278 4448 1499 4512 misericordia
1514 4448 1731 4522 confidentes,
1747 4449 1790 4512 ab
1806 4449 1897 4513 omni
1915 4469 1974 4513 nos
1989 4448 2107 4512 aduer-

1205 4547 1305 4611 sitate
1320 4547 1459 4611 custodi.
1505 4546 1617 4610 Per⁶.⁷

1238 4745 1246 4775 ¹
1265 4747 1321 4796 Om.
1333 4747 1361 4794 Z.

1237 4821 1248 4852 ¹
1264 4827 1336 4886 (tae.
1349 4825 1489 4874 Hortamur
1499 4839 1553 4874 uos.

1265 4913 1310 4953 sV.
1328 4903 1427 4954 Ductus
1438 4911 1475 4954 est
1487 4904 1589 4968 ihesus).

1264 4997 1291 5035 Α.
1304 4985 1435 5035 Inuocauit
1446 5001 1494 5037 me.

1267 5074 1303 5112 PS.
1315 5061 1364 5126 Qui
1375 5062 1482 5114 habitat.

1265 5152 1291 5190 n.
1302 5140 1406 5204 Angelis
1417 5141 1475 5190 suis.

1266 5231 1291 5268 V.
1304 5219 1334 5268 In
1345 5219 1461 5269 menibus
1471 5219 1615 5285 portabunt.

1266 5309 1309 5346 rs.
1322 5297 1373 5360 Qui
1384 5297 1491 5348 habitat.

1265 5386 1291 5423 V.
1304 5373 1379 5424 Dioet
1390 5375 1501 5426 domino.

1266 5465 1292 5504 V.
1305 5453 1431 5516 Quoniam
1443 5453 1495 5519 ipse
1506 5452 1627 5503 liberauit

1267 5543 1293 5582 V.
1305 5530 1420 5596 Scapulis
1431 5532 1489 5583 suia.

1238 5609 1249 5640 ¹
1264 5610 1296 5660 0.
1309 5625 1334 5674 p.
1347 5623 1403 5673 300.
1416 5611 1443 5661 2.

1708 4837 1735 4874 V.
1748 4825 1824 4876 Scuto
1836 4825 2006 4876 circumdedit.

1707 4915 1733 4954 V.
1749 4905 1773 4954 Α
1784 4905 1877 4968 sagitte
1888 4905 1997 4956 uolente.

1708 4993 1734 5034 V.
1747 4982 1844 5033 Cadent
1856 4999 1871 5031 a
1883 4983 1967 5033 latere.

1709 5072 1735 5112 V.
1747 5061 1875 5124 Quoniam
1886 5061 1982 5126 angelis
1994 5063 2054 5112 suis.

1709 5149 1735 5186 v.
1748 5139 1778 5188 In
1790 5139 1905 5188 manibus
1917 5141 2058 5204 portabunt

1708 5226 1734 5266 V.
1746 5215 1826 5280 Super
1836 5217 1955 5281 aspidem.

1709 5294 1865 5357 V.Quouiem
1872 5294 1898 5345 iu
1905 5311 1945 5345 me
1953 5296 2069 5360 sperauit.

1708 5386 1735 5425 V.
1748 5375 1879 5426 Inuocauit
1890 5392 1938 5433 me.
1949 5376 2060 5442 eripiam.

1709 5464 1751 5504 or.
1763 5453 1877 5520 Scapulis
1889 5457 1946 5506 suis.

1709 5543 1775 5582 σου.
1787 5531 1901 5598 Scapulis
1911 5533 1968 5584 suis.

1581 5607 1591 5638 ⁴
1607 5608 1649 5658 Ad
1660 5609 1742 5659 sontes
1753 5610 1785 5659 V.

1742 5713 1803 5763 L2

1915 5611 1997 5662 ⁸0m.
2010 5613 2036 5662 Z.
