5122 6610
707 623 756 712 ᾖ.
775 625 886 701 tamt
909 625 1026 718 apost
1085 685 1090 694 .

795 825 935 891 Secreta.

460 955 570 1022 Sacris
592 954 760 1033 altaribus,
778 952 922 1032 domine,
941 951 1070 1017 hostias
1092 952 1318 1036 superpositas

416 1066 549 1122 sanctus
570 1055 774 1131 benedictus,
795 1073 982 1136 quesumus,
1000 1052 1034 1118 in
1057 1053 1198 1118 salutem
1222 1052 1317 1117 nobis

414 1155 587 1240 prouenire
602 1154 771 1239 deposcat.
816 1152 878 1218 Per
893 1153 1065 1218 dominum
1080 1162 1229 1219 nostrum
1240 1152 1261 1218 ¹.

419 647 491 722 150

780 1341 955 1426 Proesatio.

359 1486 366 1499 ·
460 1469 503 1535 U.
524 1469 568 1533 D.
595 1478 717 1534 aeteme
743 1468 836 1533 deus.
882 1467 929 1534 Et
954 1467 1094 1552 gloriam
1121 1476 1215 1532 tuam
1243 1488 1318 1551 pro-

414 1570 495 1634 fusis
525 1570 677 1652 precibus
707 1588 854 1646 exorare,
879 1578 917 1634 ut
948 1569 1004 1651 qui
1033 1567 1123 1633 beati
1151 1567 1318 1633 benedicti

415 1671 609 1735 confessoris
620 1672 669 1734 tui
685 1689 880 1734 ueneramus
892 1669 984 1745 festa,
996 1679 1031 1735 te
1042 1668 1237 1753 opitulante,
1248 1671 1318 1734 eius

415 1771 599 1836 sanctitatis
620 1770 743 1835 imitari
759 1767 929 1834 ualeamus
945 1770 1112 1853 exempla.
1157 1763 1203 1835 Et
1225 1771 1319 1837 cuius

416 1871 540 1936 meritis
557 1890 766 1954 nequaquam
782 1889 957 1952 possumus
972 1869 1145 1952 coaequari,
1159 1870 1229 1934 eius
1244 1891 1318 1954 pre-

416 1970 508 2034 cibus
523 1989 707 2034 mereamur
722 1968 881 2033 adiuuari.
928 1970 991 2035 Per
1005 1969 1165 2035 christum
1174 1969 1197 2034 ².

714 2157 775 2222 Ad
792 2155 1020 2241 compkndum.

460 2282 617 2365 Protegat
647 2303 716 2360 noS,
746 2284 891 2360 domine,
924 2305 1000 2349 curn
1029 2283 1079 2348 tui
1106 2285 1316 2368 perceptione

415 2383 612 2447 sacramenti
641 2383 761 2448 beatus
790 2383 984 2449 benedictus
1015 2383 1103 2448 abba
1133 2404 1193 2466 pro
1222 2385 1317 2448 nobis

415 2483 667 2562 intercedend03
691 2493 728 2548 ut
747 2491 782 2548 et
797 2483 1055 2549 conuersationis
1075 2485 1145 2549 eius
1168 2483 1317 2568 experia-

416 2603 490 2646 mur
503 2584 651 2668 insiguia,
667 2592 701 2648 et
716 2585 960 2651 intercessionis
975 2585 1078 2669 ipsius
1098 2587 1317 2670 percipiamus

415 2682 580 2767 suffragia.
627 2683 690 2749 Per
700 2683 722 2748 ⁸.

528 2971 640 3038 am.
654 2971 715 3037 lut
730 2987 799 3051 aun.
829 2969 935 3037 Sanni
948 2969 1038 3035 tatuit
1054 2969 1212 3052 aportuit

460 3119 553 3196 Esto,
567 3118 728 3196 dominel,
741 3117 830 3203 plebi
842 3127 909 3183 tuae
920 3118 1143 3184 sanctificator
1153 3125 1188 3183 et
1198 3125 1317 3194 custos,

321 3287 323 3294 ,
416 3229 453 3283 ut
479 3219 622 3302 apostoli
649 3219 696 3284 tui
723 3219 830 3284 iacobi
857 3219 986 3283 munita
1009 3218 1159 3302 presidiis
1181 3225 1215 3282 et
1239 3236 1317 3281 con-

344 3383 348 3392 ,
416 3319 601 3384 uersatione
613 3319 672 3385 tibi
688 3319 827 3404 placeat,
841 3327 877 3385 et
891 3339 1004 3384 secura
1015 3319 1188 3384 deseruiat.
1228 3316 1317 3382 Per⁸.

796 3494 934 3560 Secreta.

460 3618 656 3685 Oblationes
671 3621 784 3705 populi
800 3620 858 3698 tui,
874 3620 1016 3699 domine,
1028 3639 1215 3703 quesumus,
1227 3617 1316 3683 beati

416 3719 558 3802 apostoli
581 3721 629 3783 tui
645 3720 750 3785 iacobi
772 3722 883 3803 passio
897 3721 997 3784 beata
1013 3718 1174 3791 conciliet,
1190 3727 1224 3782 et
1242 3738 1317 3800 quae

416 3819 537 3883 nostris
560 3828 641 3903 apta
664 3840 729 3884 non
752 3829 830 3884 sunt
853 3821 986 3894 meritis,
1007 3818 1090 3884 fiant
1111 3818 1173 3882 tibi
1196 3817 1318 3902 placita

416 3919 486 3982 eius
503 3918 738 4002 deprecatione
747 3918 770 3983 ⁷.

778 4017 951 4100 Proefatio.

460 4141 504 4208 U.
520 4141 564 4206 D.
580 4148 703 4207 aeteme
722 4142 814 4208 deus.
859 4141 948 4227 Quia
970 4141 1047 4207 licet
1070 4141 1165 4206 nobis
1187 4161 1318 4224 semper

416 4241 558 4307 salutem
588 4251 744 4324 operetur
772 4241 875 4306 diuini
906 4241 1084 4307 celebratio
1111 4241 1317 4321 sacramenti,

415 4341 609 4426 propensius
630 4348 744 4405 tamen
768 4342 864 4406 nobis
884 4342 1080 4407 confidimus
1103 4341 1318 4425 profuturam,

415 4444 442 4506 si
459 4441 548 4506 beati
563 4441 705 4524 apostoli
726 4441 775 4506 tui
794 4441 900 4506 iacobi
917 4440 1205 4506 intercessionibus
1226 4442 1317 4507 adiu·

416 4561 542 4606 uemur.
584 4541 647 4605 Per
661 4539 819 4605 christum
828 4539 850 4605 ⁸.

711 4715 772 4780 Ad
790 4716 1020 4799 complendum.

460 4841 555 4906 Beati
579 4842 720 4924 apostoli
738 4841 787 4907 tui
809 4842 914 4907 iacobi
923 4842 944 4918 ⁰,
967 4861 1155 4924 quesumus,
1173 4841 1317 4920 domine,

858 5077 868 5107 ¹
883 5079 915 5130 Y.
928 5078 955 5129 Z.
1152 5077 1162 5107 ⁸
1178 5077 1204 5130 S.
1211 5078 1243 5128 Y.
1257 5077 1284 5127 Z.

926 5167 969 5206 nt..
982 5155 1065 5206 Nimis
1076 5155 1200 5207 honorati.

925 5246 968 5286 or.
981 5235 1047 5285 Mihi
1058 5243 1150 5286 autem.

926 5324 969 5364 co.
981 5315 1037 5379 Ego
1048 5328 1103 5365 uos.

447 5078 456 5106 ¹
474 5078 506 5129 0.
516 5094 541 5144 p.
554 5076 610 5140 326.
623 5079 650 5127 Z.

449 5157 456 5185 ¹
473 5166 499 5205 Α.
512 5157 577 5206 Mihi
589 5163 682 5218 autem.

473 5245 510 5283 PS.
523 5233 640 5291 Domine.
652 5236 770 5297 probasti.

473 5321 498 5361 n.
510 5311 656 5364 Constitues
666 5329 717 5365 eos.

473 5401 499 5442 v.
513 5391 562 5439 Pro
574 5391 694 5456 patribus.

448 5469 458 5498 ⁵
475 5481 493 5516 ÷
507 5468 630 5534 propitius
642 5470 672 5520 E.
911 5471 921 5503 ⁸
937 5471 967 5520 E.
980 5485 1005 5536 p.
1015 5481 1077 5534 1273
1094 5469 1127 5520 Y.
1138 5467 1182 5520 r01.
1195 5483 1241 5530 104
1252 5469 1277 5520 b.
1290 5469 1317 5520 Z.

447 5543 458 5574 ¹
475 5545 505 5596 E
516 5563 540 5611 p.
550 5558 604 5610 ιη.
911 5549 922 5579 ⁸
938 5548 969 5599 0.
979 5565 1003 5614 p.
1013 5559 1076 5614 μμ
1093 5549 1124 5598 Y.
1136 5547 1180 5598 iol.
1192 5547 1275 5612 104b.
1289 5548 1316 5599 Z.

448 5625 494 5676 ’ψ
507 5625 577 5674 cuius
593 5625 669 5676 bodie
686 5626 821 5678 iestiuitate
840 5642 945 5694 corpore
964 5633 990 5678 et
1007 5626 1128 5694 sanguiue
1147 5625 1191 5677 filii
1209 5627 1246 5677 tui
1271 5641 1318 5677 uos

415 5703 521 5754 refecisti
538 5704 568 5754 E.

1443 621 1530 711 ὦῶ
1549 621 1720 718 aetnptatt
1739 626 1798 699 tu.
1844 623 1967 701 muru
1991 633 2021 698 rt
2045 621 2188 711 zenan.

1371 825 1612 906 intercessione,
1628 845 1688 890 nos
1710 824 1842 900 adiuua,
1857 845 1918 910 pro
1933 824 2025 890 cuius
2046 823 2269 893 sollemnitate

1369 926 1547 992 deferimus
1562 934 1621 991 tua
1635 925 1772 993 sancta¹
1787 924 1949 992 laetantes.
1994 924 2088 1026 Peri

1442 1182 1613 1252 tinam
1627 1187 1715 1266 stop.8
1748 1183 1862 1250 Matala
1875 1190 2044 1252 sannorum
2057 1186 2200 1269 sterpttrtt

1520 1279 1657 1352 uustint,
1671 1283 1700 1344 rt
1713 1277 1845 1344 beatricis
1853 1283 1874 1352 ⁴.
1889 1283 1979 1362 atqup
1993 1279 2113 1346 autes

1414 1414 1549 1492 Praesta,
1574 1435 1761 1497 quesumus,
1784 1414 1928 1492 domine,
1951 1425 1988 1480 ut
2017 1415 2102 1480 sicut
2126 1415 2269 1498 populus

1370 1512 1565 1579 christianus
1591 1524 1774 1596 martyrum
1799 1525 1930 1579 tuorum
1953 1513 2057 1580 felicis
2066 1515 2089 1591 ⁶,
2109 1515 2269 1599 simplicii,

1370 1613 1512 1693 faustini,
1524 1623 1559 1679 et
1573 1613 1749 1678 beatricis⁴
1764 1614 1939 1697 temporali
1955 1613 2177 1680 sollemnitate
2192 1634 2268 1679 con·

1370 1715 1495 1798 gaudet
1510 1714 1557 1779 ita
1572 1713 1756 1796 perfruatur
1770 1723 1904 1792 aeterna,
1919 1725 1954 1779 et
1968 1714 2059 1797 quod
2075 1714 2162 1779 uotis
2184 1713 2267 1779 cele·

1370 1814 1445 1879 brat
1459 1811 1720 1896 comprehendat
1735 1813 1864 1880 effectu.
1910 1814 1972 1878 Per
1981 1812 2003 1878 ⁶.

1696 1988 1802 2072 Super
1822 1985 1940 2055 oblata.

1416 2143 1554 2207 Hostias
1569 2141 1638 2217 tibi,
1651 2141 1793 2219 domine,
1805 2159 1866 2222 pro
1880 2147 2070 2205 sauctorum
2087 2150 2267 2222 martyrum
2300 2105 2304 2111 Ι

1368 2240 1472 2308 felicis
1478 2241 1500 2321 ⁶,
1509 2241 1671 2325 simplicii,
1684 2239 1826 2317 faustini,
1838 2249 1872 2304 et
1884 2237 2057 2304 beatricis*
2068 2258 2268 2305 commemo-

1369 2343 1495 2410 ratione
1517 2341 1704 2419 deserimus,
1726 2339 1919 2424 suppliciter
1939 2340 2160 2416 obsecrantes,
2176 2350 2212 2405 ut
2234 2349 2267 2404 et

1369 2446 1609 2530 indulgentiam
1632 2444 1727 2510 nobis
1742 2445 1865 2530 pariter
1879 2442 2050 2508 conserant
2065 2451 2099 2508 et
2115 2442 2267 2509 salutem.

1370 2547 1434 2612 Per
1442 2545 1465 2609 ⁷.

1666 2644 1727 2710 Ad
1744 2642 1972 2727 complendum.

1415 2771 1547 2847 Praesta,
1564 2792 1751 2855 quesumus,
1767 2771 1910 2846 domine,
1926 2779 1963 2833 ut
1985 2775 2175 2833 sanctorum
2196 2777 2268 2832 tuo·

1371 2891 1444 2935 rum
1456 2870 1558 2936 felicis
1568 2871 1590 2950 ⁶,
1602 2870 1764 2954 simplicii,
1775 2869 1918 2945 faustini,
1928 2879 1962 2933 et
1973 2866 2145 2934 beatricis⁴
2158 2867 2267 2933 caeles·

1370 2971 1460 3036 tibus
1483 2971 1648 3055 mysteriis
1674 2968 1841 3036 celebrata
1862 2967 2075 3048 sollemnitas,
2097 2968 2268 3052 indulgen·

1370 3071 1452 3134 tiam
1490 3071 1587 3136 nobis
1623 3079 1692 3136 tuae
1725 3069 1968 3154 propitiationis
1996 3068 2161 3151 adquirat
2208 3067 2269 3132 Per
2346 3131 2356 3150 ,

1370 3169 1542 3235 dominum
1551 3167 1573 3232 ⁸.

1390 3439 1464 3506 iiiiii.
1477 3440 1538 3510 tut
1552 3457 1621 3520 auu.
1654 3440 1767 3506 Natali
1781 3445 1948 3504 rnamenta
1962 3440 2055 3502 abban
2070 3445 2097 3503 rt
2111 3455 2216 3505 srnnrs
2225 3445 2246 3504 ⁹.

1413 3575 1515 3654 Deus,
1526 3575 1583 3658 qui
1598 3575 1722 3640 sanctis
1732 3575 1799 3639 tuis
1813 3573 1926 3638 abdon
1941 3584 1976 3638 et
1987 3593 2111 3638 sennen
2126 3575 2170 3638 ad
2185 3572 2270 3638 hanc

1369 3676 1511 3758 gloriam
1535 3676 1688 3740 ueniendi
1711 3675 1883 3759 copiosum
1908 3695 2027 3738 munus
2054 3675 2170 3759 gratiae
2192 3693 2270 3738 con-

1369 3775 1482 3855 tulisti,
1503 3778 1548 3841 da
1566 3774 1699 3839 famulis
1721 3776 1787 3839 tuis
1809 3794 1943 3839 suorum
1966 3774 2097 3838 ueniam
2120 3783 2271 3857 peccato·

1371 3895 1444 3938 rum
1460 3883 1497 3939 ut
1515 3883 1704 3939 sanctorum
1723 3884 1855 3939 tuorum
1873 3873 2152 3939 intercedentibus
2174 3873 2270 3938 meri-

1306 3987 1311 4000 ·
1371 3975 1415 4039 tis
1429 3976 1472 4038 ab
1488 3973 1641 4039 omnibus
1658 3994 1842 4039 mereamur
1855 3972 2113 4039 aduersitatibus
2130 3973 2269 4037 liberari.

1372 4074 1457 4139 Pers

1647 4179 1648 4182 ¹
1751 4185 1891 4252 Secreta.

1415 4313 1501 4377 Haec
1515 4311 1633 4388 hostia,
1649 4312 1792 4386 domine,
1809 4331 1996 4395 quesumus,
2009 4330 2111 4394 quarn
2127 4311 2161 4374 in
2176 4329 2270 4372 sanc·

1370 4423 1480 4477 torum
1506 4422 1639 4479 tuorum
1668 4411 1826 4476 natalitiis
1855 4421 2063 4476 recensentes
2092 4408 2269 4485 offerimus,

1371 4521 1405 4576 et
1434 4513 1566 4578 uincula
1595 4521 1717 4577 nostrae
1747 4511 1921 4595 prauitatis
1949 4511 2111 4590 absoluat,
2140 4519 2175 4575 et
2203 4519 2269 4575 tuae

1403 4757 1412 4786 ²
1429 4756 1495 4808 dona
1512 4757 1542 4808 E.

1402 4837 1413 4868 ⁸
1428 4847 1455 4885 Α.
1466 4835 1613 4886 Sacerdotes
1624 4835 1684 4886 eius.

1427 4927 1464 4966 rs.
1477 4915 1615 4965 Memento.

1426 5006 1452 5044 a.
1464 4992 1617 5044 Sacerdotes.

1429 5083 1455 5122 v.
1467 5071 1532 5121 illuc
1543 5071 1686 5137 producam.

1826 4753 1991 4821 ²E.p.127;
2008 4756 2040 4805 Y.
2052 4755 2095 4805 iol.
2107 4767 2153 4818 104
2165 4755 2189 4804 b.
2201 4753 2228 4804 Z.

1878 4845 1922 4886 At..
1935 4835 2023 4884 Inueni
2035 4833 2119 4884 dauid.

1878 4924 1922 4964 or.
1935 4912 2035 4964 Uenus
2047 4927 2111 4962 mea

1878 5002 1920 5042 00.
1934 4992 2027 5041 Beatus
2038 5005 2127 5041 sermo.

1401 5150 1412 5180 ⁴
1428 5150 1548 5201 Viatricis
1560 5149 1618 5200 Gel.
1925 5148 1936 5179 ⁸
1954 5149 2009 5200 Om.
2022 5146 2079 5198 Gel.
2090 5145 2123 5198 Y.
2135 5175 2139 5182 ·

1395 5242 1412 5282 ·⁸
1428 5242 1572 5306 Y.iol.1o5
1584 5242 1617 5302 b;
1634 5240 1691 5293 Gel.
1709 5258 1734 5308 p.
1747 5239 1805 5305 657.
1839 5240 1921 5291 There
1934 5241 1957 5290 is
1971 5257 1987 5290 a
2002 5238 2113 5290 different
2128 5239 2198 5289 Mass
2215 5255 2268 5306 pro

1369 5309 1443 5360 vided
1455 5310 1481 5359 in
1493 5308 1526 5360 V.
1537 5326 1563 5374 p.
1576 5305 1630 5358 106.

1403 5386 1413 5416 ²
1429 5387 1486 5438 Gel.
1500 5403 1526 5452 p.
1534 5385 1592 5450 657.

1402 5463 1412 5495 ⁸
1429 5477 1456 5516 Α.
1468 5465 1546 5516 Intret
1557 5465 1584 5515 in
1596 5471 1739 5529 conspectu.

1428 5556 1464 5595 1³8.
1477 5543 1554 5604 Deos,
1567 5549 1695 5594 uenerunt.

1427 5635 1453 5672 ι.
1466 5621 1606 5672 Gloriosus.

1427 5712 1453 5750 v.
1466 5700 1576 5752 Dextera
1587 5707 1640 5752 tua.

1907 5386 1918 5416 ¹
1934 5385 1973 5436 Ib.

1879 5474 1922 5514 AL.
1935 5462 2069 5514 Mirabilis.

1878 5551 1921 5593 or.
1935 5542 2060 5592 Mirabilis
2071 5540 2141 5592 deus.

1878 5631 1922 5670 cu.
1933 5621 2078 5671 Posueront.
