5124 6608
399 548 478 645 ‘os
672 575 776 648 mou.
804 575 824 646 t.
852 584 922 666 pet
948 572 1068 665 mut.

834 773 928 838 Alia.

477 903 531 968 Da
553 901 659 974 nobis,
677 918 866 984 quesumus,
887 899 1030 978 domine,
1045 897 1145 982 digne
1165 895 1332 963 celebrare

431 1002 635 1086 mysterium,
665 1000 755 1084 quod
789 999 823 1063 in
853 999 956 1064 nostri
989 999 1163 1064 saluatoris
1194 997 1331 1063 infantia

433 1101 596 1168 miraculis
617 1100 865 1169 coruscantibus
887 1100 1081 1174 declaratur,
1097 1109 1132 1163 et
1155 1097 1332 1181 corporali·

431 1203 494 1267 bus
510 1201 720 1267 incrementis
737 1200 912 1266 manifesta
926 1199 1119 1284 designatur
1132 1197 1331 1263 humanitas.

433 1303 495 1367 Per
510 1302 689 1384 eundemst,

836 1397 929 1464 Alia.

477 1527 610 1604 Praesta,
627 1545 816 1609 quesumus,
833 1525 1044 1608 omnipotens
1062 1524 1155 1597 deus,
1172 1535 1209 1590 ut
1224 1525 1332 1589 salua·

431 1629 511 1691 toris
540 1627 665 1702 mundi,
688 1624 785 1690 stella
809 1626 902 1703 duce,
929 1625 1140 1690 manifestata
1167 1625 1331 1701 natiuitas,

432 1727 598 1791 mentibus
628 1727 746 1790 nostris
776 1723 942 1789 reueletur
971 1745 1103 1808 semper
1131 1733 1166 1790 et
1197 1735 1332 1790 crescat.

433 1826 496 1892 Per
510 1827 678 1893 eundem*

670 2032 713 2098 lin
732 2039 853 2098 enonas
870 2031 1091 2115 limpham&

476 2165 579 2242 Deus,
607 2167 697 2230 cuius
723 2166 911 2249 unigenitus
941 2163 1184 2230 insubstantia
1210 2171 1331 2226 nostrae

432 2266 538 2329 carnis
564 2265 725 2349 apparuit,
748 2275 880 2349 praesta,
903 2285 1092 2347 quesumus,
1114 2274 1151 2328 ut
1175 2283 1234 2347 per
1254 2281 1331 2327 eum

432 2386 532 2449 quem
556 2365 696 2432 similem
721 2365 817 2431 nobis
840 2366 919 2431 loris
940 2367 1145 2449 agnouimus,
1168 2365 1257 2430 intus
1280 2383 1330 2428 re·

432 2465 564 2530 formari
580 2486 774 2531 mereamur.
821 2467 883 2531 Per
897 2466 1039 2532 eundem
1054 2461 1126 2551 (qui
1141 2459 1291 2548 tecum).⁷

814 2617 956 2682 Secreta.

476 2739 616 2806 Hostias
625 2740 911 2825 tibi,domine,pr0
920 2741 988 2806 nati
998 2741 1046 2807 tui
1056 2739 1114 2805 filii
1124 2739 1333 2824 apparitione

431 2841 616 2919 deserimus,
643 2841 835 2924 suppliciter
864 2850 1050 2916 exorantes,
1080 2849 1119 2906 ut
1148 2842 1233 2904 sicut
1261 2839 1333 2923 ipse

431 2952 618 3007 nostrorum
637 2950 752 3006 auctor
774 2952 826 3007 est
847 2960 1031 3012 munerum,
1047 2941 1119 3024 ipse
1141 2940 1185 3004 sit
1207 2939 1332 3004 miseri-

430 3061 504 3106 cors
519 3053 553 3107 et
568 3052 739 3126 susceptor
756 3040 866 3106 ihesus
880 3039 1021 3104 christus
1041 3040 1196 3106 dominus
1210 3048 1332 3105 noster.

431 3139 498 3224 Qui
514 3152 624 3207 tecum
634 3139 657 3205 ³.

730 3239 793 3305 Ad
802 3237 1032 3322 complendum.

475 3363 611 3431 Caelesti
633 3365 765 3445 lumine,
780 3385 968 3448 quesumus,
984 3363 1127 3440 domine,
1143 3382 1275 3446 semper
1297 3370 1332 3426 et

431 3465 554 3549 ubique
584 3486 645 3530 nos
674 3466 827 3549 praeueni,
859 3476 896 3530 ut
927 3464 1122 3548 mysterium
1151 3463 1244 3528 cuius
1270 3481 1331 3526 nos

430 3566 607 3649 participes
622 3587 694 3630 esse
708 3564 850 3644 uoluisti,
866 3575 899 3630 et
915 3585 998 3649 puro
1014 3583 1187 3628 cernamus
1201 3561 1331 3637 intuitu,

431 3674 465 3728 et
479 3665 583 3747 digno
597 3665 817 3748 percipiamus
832 3663 963 3731 effectu.
1009 3663 1071 3728 Per
1079 3661 1104 3726 ⁴.

763 3813 825 3878 Ad
828 3814 995 3897 populum.

475 3937 649 4012 inlumina,
665 3938 809 4015 domine,
832 3959 1022 4022 quesumus,
1044 3936 1204 4021 populum
1227 3947 1332 4013 tuum,

431 4047 465 4102 et
481 4038 656 4121 splendore
667 4039 782 4122 gloriae
797 4049 863 4103 tuae
880 4058 936 4103 cor
951 4040 1020 4102 eius
1034 4058 1167 4121 semper
1178 4038 1331 4112 accende,

432 4147 469 4202 ut
492 4137 691 4204 saluatorem
714 4159 810 4202 suum
834 4149 869 4203 et
890 4139 1090 4202 incessanter
1108 4147 1277 4221 agnoscat,
1299 4146 1333 4201 et

432 4237 591 4302 ueraciter
605 4237 842 4321 adprehendat.
888 4238 951 4302 Per
959 4237 982 4302 ⁶.

594 4426 684 4491 Dum
701 4427 720 4492 't
737 4431 807 4509 post
823 4427 1032 4509 rptpptanim
1046 4426 1155 4490 bonini
1163 4427 1183 4492 ⁸.

474 4557 574 4638 Vota,
598 4580 787 4644 quesumus,
810 4561 954 4641 domine,
975 4559 1193 4644 supplicantis
1217 4559 1332 4644 populi

465 4739 474 4770 ¹
489 4739 552 4790 This
569 4741 591 4790 is
607 4739 650 4791 the
666 4739 784 4790 Gelesian
801 4739 866 4801 title,
884 4757 910 4806 p.
928 4752 985 4804 502,
1000 4740 1050 4790 end
1065 4740 1096 4790 V.
1114 4741 1265 4806 p.159.but
1281 4740 1332 4791 this

431 4825 544 4885 separate
555 4819 634 4870 Missa
645 4820 706 4869 does
717 4827 761 4870 not
772 4835 848 4871 occur
858 4821 884 4870 in
896 4820 975 4870 either
985 4820 1042 4872 Gel.
1054 4835 1084 4870 or
1095 4821 1129 4870 V.

463 4895 474 4926 ¹
490 4897 557 4948 Ecce
566 4898 674 4956 aduenit,
686 4905 717 4946 ut
726 4905 813 4965 supra.
844 4899 880 4962 (1.
892 4899 1010 4959 Domine,
1020 4899 1082 4950 deos
1092 4914 1170 4951 meos
1205 4911 1250 4952 nv.
1260 4900 1331 4951 Uidn

430 4976 571 5041 iohannes).

463 5057 475 5087 ¹
491 5056 546 5108 Gel.
560 5073 587 5122 p.
599 5070 655 5120 50²·

463 5135 475 5166 ⁸
497 5137 590 5203 ÷Pnfi
604 5137 670 5200 Quis
681 5153 738 5187 cum
749 5136 899 5202 unigenitus,
910 5145 958 5188 etc.
971 5136 1022 5187 aod
1032 5137 1095 5188 omit
1102 5138 1148 5188 Ad
1150 5144 1210 5204 pop.
1221 5139 1249 5190 Z.

851 5055 862 5088 ⁴
877 5057 916 5109 1b.
928 5074 954 5123 p.
966 5070 1023 5121 503.

464 5211 475 5244 ⁸
491 5225 517 5264 Α.
530 5215 559 5264 In
570 5215 668 5266 excelso
679 5215 779 5268 throno

492 5303 529 5343 es.
542 5293 651 5344 lubilate
661 5294 718 5344 deo.

492 5381 517 5420 a.
530 5369 684 5421 Benedictus.

1035 5222 1106 5266 tem.

965 5303 1031 5344 corr.
1044 5293 1103 5353 Fili,
1114 5294 1175 5360 quid
1187 5293 1284 5346 iecisti?

965 5375 1020 5435 (se.
1031 5372 1143 5423 Obsecro
1151 5387 1197 5422 uos
1205 5387 1248 5437 per
1260 5371 1331 5423 mise

491 5459 519 5499 v,
530 5448 678 5513 Suscipiunt.
1037 5451 1177 5501 ricordiam.

493 5537 538 5578 At..
550 5526 666 5578 Iubilote.
782 5526 785 5534 ’
900 5519 902 5524 ’
964 5539 1010 5580 ιν.
1028 5529 1093 5579 Cum
1108 5528 1189 5580 bom
1203 5533 1267 5580 esset
1282 5526 1333 5578 ibe·

492 5616 536 5657 or.
564 5605 671 5657 lubilate
698 5605 747 5657 deo
777 5606 859 5657 omnis
1035 5609 1098 5672 ms).

1637 573 1740 649 Dour.
1768 574 1800 647 t
1825 587 1896 667 post
1921 574 2040 668 Oplpb.

1386 772 1509 840 caelesti
1523 772 1649 856 pietate
1657 793 1866 858 pmsequere,
1877 783 1913 839 ut
1930 783 1964 840 et
1976 795 2051 858 quae
2065 775 2197 858 agenda
2210 787 2289 842 sunt

1383 872 1569 948 uideant,et
1578 873 1622 937 ad
1631 871 1800 957 implenda
1809 894 1885 957 quae
1895 873 2037 939 uiderint
2045 874 2289 944 conualescant.

1385 971 1447 1037 Per
1461 972 1657 1037 dominum*

1770 1071 1910 1138 Secreta.

1428 1193 1590 1261 Oblatum
1605 1197 1676 1276 tibi,
1691 1197 1834 1273 domine,
1851 1195 2046 1262 sacrificium
2066 1197 2211 1264 uiuificet
2226 1220 2287 1264 nos

1385 1315 1516 1380 semper
1532 1307 1566 1362 et
1582 1296 1719 1362 muniat.
1765 1297 1828 1362 Per
1845 1296 2042 1362 dominum.t

1748 1446 1923 1528 Praefatio.

1428 1568 1473 1636 U.
1500 1571 1544 1636 D.
1570 1581 1694 1636 aeteme
1720 1572 1812 1637 deus.
1858 1570 1947 1655 Quia
1975 1580 2091 1636 notam
2119 1573 2225 1637 iecisti
2253 1574 2285 1636 in

1385 1669 1516 1753 populis
1549 1670 1805 1736 misericordiam
1835 1679 1937 1745 tuam,
1961 1680 1996 1735 et
2021 1671 2166 1736 salutare
2191 1680 2287 1736 tuum

1385 1772 1511 1835 cunctis
1536 1771 1691 1854 gentibus
1712 1771 1897 1847 declarasti,
1922 1770 2132 1835 Hodiernum
2161 1772 2287 1854 eligens

1384 1869 1485 1946 diem,
1501 1870 1534 1935 in
1548 1892 1616 1955 quo
1630 1873 1674 1936 ad
1693 1871 1898 1935 adorandam
1917 1870 1987 1934 ueri
2007 1869 2094 1953 regis
2113 1869 2286 1934 infantiam

1385 1969 1550 2035 excitatos
1582 1971 1625 2035 de
1659 1971 1795 2036 remotis
1826 1969 1977 2053 partibus
2013 1989 2139 2053 magos,
2170 1968 2288 2034 clarior

1384 2070 1501 2134 ceteris
1529 2070 1691 2135 sideribus
1719 2070 1816 2134 stella
1845 2070 2049 2153 perduceret,
2080 2079 2115 2134 et
2147 2069 2219 2134 caeli
2247 2087 2286 2134 ac

1383 2179 1480 2234 terrae
1503 2171 1686 2247 dominum,
1713 2169 1925 2253 corporaliter
1949 2179 2074 2248 natum,
2099 2169 2192 2236 radio
2217 2189 2286 2233 suae

1383 2269 1465 2334 lucis
1479 2270 1680 2337 ostenderet.
1725 2269 1770 2336 Et
1786 2269 1861 2335 ideo
1876 2267 1897 2329 ¹.

1687 2419 1719 2484 A
1723 2418 1750 2483 d
1758 2417 1985 2503 complendum.

1429 2542 1605 2627 Supplices
1633 2555 1668 2610 te
1697 2565 1860 2628 rogamus,
1891 2544 2102 2627 omnipotens
2130 2544 2222 2621 deus,
2249 2553 2286 2610 ut

1385 2664 1469 2726 quos
1490 2645 1557 2709 tuis
1578 2643 1684 2710 reficis
1706 2646 1928 2724 sacramentis,
1951 2644 2011 2709 tibi
2034 2644 2136 2708 etiam
2157 2643 2286 2727 placitis

1386 2743 1532 2808 moribus
1546 2743 1713 2810 deseruire
1728 2746 1899 2810 concedas.
1943 2744 2008 2808 Per
2021 2743 2194 2808 dominum
2208 2764 2285 2808 nos·

1385 2853 1473 2908 trum
1483 2842 1523 2907 ’.Ὺ
1686 2845 1690 2855 '

1536 3037 1672 3104 Donati.
1693 3042 1763 3121 post
1784 3037 1973 3120 epiphaniam
1992 3038 2127 3104 bonini!

1429 3170 1653 3256 Omnipotens
1688 3172 1888 3256 sempiterne
1923 3171 2014 3251 deus,
2051 3172 2108 3255 qui
2141 3169 2285 3237 caelestia

1384 3270 1480 3335 simul
1497 3279 1531 3336 et
1550 3282 1680 3337 terrena
1699 3272 1886 3350 moderaris,
1901 3263 2156 3355 supplicationes
2171 3270 2285 3354 populi

1384 3371 1433 3436 tui
1465 3371 1645 3438 clementer
1674 3372 1806 3447 exaudi,
1834 3382 1868 3437 et
1897 3390 2014 3454 pacem
2044 3382 2138 3436 tuam
2164 3371 2284 3435 nostris

1384 3472 1528 3536 concede
1543 3471 1759 3555 temporibus.
1805 3471 1867 3536 Per
1880 3469 2052 3534 dominum
2068 3481 2241 3536 nostrumr

1718 3622 1827 3705 Super
1838 3620 1954 3688 oblata.

1429 3745 1563 3819 Oblata,
1586 3747 1728 3826 domine,
1751 3767 1888 3811 munera
1914 3743 2090 3823 sanctifica,
2112 3763 2239 3828 nosque
2264 3765 2285 3809 a

1386 3857 1596 3929 peccatorum
1612 3857 1800 3913 nostrorum
1816 3845 1951 3911 maculis
1967 3845 2120 3909 emunda.
2165 3844 2251 3910 Per!

1750 3995 1925 4080 Proesatio.

1429 4119 1474 4186 U.
1499 4120 1543 4185 D.
1569 4131 1692 4187 aeteme
1716 4123 1809 4188 deus.
1854 4120 2060 4204 Semperque
2086 4119 2226 4184 uirtutes
2252 4131 2287 4186 et

1384 4220 1500 4286 laudes
1526 4232 1601 4287 tuas
1623 4222 1720 4289 labiis
1746 4221 1960 4286 exultationis
1986 4218 2086 4298 effari,
2108 4218 2165 4302 qui
2190 4217 2288 4283 nobis

1385 4321 1430 4386 ad
1456 4319 1651 4386 releuandos
1677 4320 1770 4386 istius
1796 4322 1875 4385 uitae
1901 4320 2040 4398 labores,
2066 4318 2197 4384 diuersa
2225 4317 2286 4381 do·

1386 4440 1503 4484 norum
1533 4429 1667 4485 tuorum
1687 4421 1813 4498 solatia,
1835 4429 1871 4484 et
1892 4437 2065 4483 munerum
2093 4415 2286 4482 salutarium

1384 4521 1508 4602 gaudia
1530 4520 1706 4598 contulisti,
1728 4521 1891 4586 mittendo
1914 4518 2009 4582 nobis
2032 4516 2160 4581 ihesum
2185 4517 2287 4582 chris·

1384 4629 1456 4683 tum
1472 4618 1575 4683 filium
1591 4630 1686 4685 tuum
1704 4619 1876 4684 dominum
1897 4627 2057 4683 nostrum.
2102 4616 2166 4681 Per
2185 4636 2286 4699 quem

1385 4720 1593 4784 maiestatem
1603 4718 1627 4783 ⁴.

1685 4803 1747 4870 Ad
1756 4803 1983 4889 complendum.

1427 4929 1602 5015 Augeatur
1631 4932 1666 4996 iu
1696 4932 1800 5012 nobis,
1829 4931 1974 5006 domine,
2001 4947 2192 5012 quesumus,
2218 4936 2287 4994 τοι·

1416 5136 1425 5166 ¹
1442 5136 1474 5187 0.
1485 5153 1511 5202 p.
1525 5149 1581 5201 ²94·
1614 5137 1685 5202 Pres.
1695 5136 1762 5200 Quia
1773 5152 1830 5186 oum
1841 5134 1991 5200 unigenitus,
2002 5139 2050 5185 eto.
2063 5133 2092 5184 Ζ.

1414 5213 1576 5271 Ἐουκῐιιι,
1588 5213 1652 5275 dne,
1665 5229 1689 5278 q.
1701 5214 1821 5264 familiam
1838 5221 1914 5271 mam,
1927 5220 1951 5262 et
1967 5211 2171 5264 benedictionum
2188 5217 2287 5261 mmm

1383 5292 1505 5358 propitius
1516 5292 1630 5343 ubertate
1641 5291 1753 5357 purifica,
1765 5298 1793 5341 ut
1805 5291 1985 5342 eruditionibus
1996 5289 2046 5340 tuis
2058 5303 2155 5353 semper
2165 5287 2286 5354 multipli-

1384 5377 1453 5421 cetur
1463 5376 1489 5419 et
1501 5369 1582 5419 donis
1615 5370 1671 5421 Per.
1688 5370 1716 5421 Z.

1416 5448 1615 5500 ⁸Omnisterru

1417 5525 1629 5592 ‘Or-²947»
1670 5525 1851 5578 Thisiulso
1873 5541 1906 5576 sn
1929 5523 2082 5575 Ambrosiam
2103 5522 2169 5574 Prel.
2191 5521 2288 5576 raud

1386 5605 1542 5670 Uriam
1558 5603 1656 5670 iisse
1703 5603 1706 5608 '
