5124 6608
742 498 842 592 nau
860 497 902 570 u.

739 695 911 779 Proesattb.

418 829 463 894 U.
480 829 523 891 D.
540 836 662 891 aetcrne
678 825 770 889 deus.
815 822 882 906 Qui
905 819 1014 886 ieiunii
1033 820 1274 895 obseruatione,

376 941 409 996 et
425 926 678 993 elemosinarum
693 924 881 1007 gratissima
898 921 1081 1004 largitione,
1099 941 1158 985 nos
1174 921 1274 984 docu-

372 1032 426 1096 isti
458 1039 644 1094 nostrorum
674 1025 832 1107 consequi
870 1021 1015 1088 remedia
1052 1030 1274 1104 peccatorum.

375 1130 476 1196 Unde
497 1139 589 1192 tuam
610 1127 826 1210 imploramus
849 1123 1070 1200 clementiam,
1085 1131 1122 1184 ut
1144 1119 1195 1184 his
1216 1119 1276 1183 ob·

373 1227 623 1305 seruationibus,
640 1236 673 1291 et
695 1224 814 1290 ceteris
836 1223 997 1287 bonorum
1022 1241 1160 1304 operum
1183 1219 1277 1283 exhi·

375 1328 554 1393 bitionibus
571 1325 697 1404 muniti,
713 1345 753 1389 ea
768 1344 952 1406 operemur,
963 1322 1083 1404 quibus
1095 1319 1138 1384 ad
1154 1328 1278 1383 aeterna

374 1428 495 1511 gaudia
520 1425 760 1508 consequenda,
785 1433 818 1486 et
845 1443 921 1505 spes
946 1420 1041 1485 nobis
1064 1428 1222 1503 suppetat
1245 1428 1279 1482 et

375 1526 526 1592 facultas.
571 1525 635 1589 Per
649 1523 808 1589 christum
821 1521 843 1584 ¹.

670 1673 732 1737 Ad
747 1671 976 1755 complendum.

420 1804 483 1868 Per
505 1801 612 1880 huius,
636 1800 781 1879 domine,
806 1799 1032 1882 operationem
1065 1795 1215 1878 mysterii
1246 1805 1279 1859 et

375 1904 456 1968 uitia
475 1913 586 1967 nostra
608 1909 798 1984 purgentur,
816 1909 851 1965 et
868 1899 955 1962 iusta
977 1897 1141 1962 desideria
1164 1895 1280 1979 imple-

376 2014 483 2069 antur.
529 2003 592 2066 Per
607 2000 804 2065 dominumu

692 2150 801 2232 Super
807 2148 971 2233 populum.

421 2278 556 2342 Exaudi
578 2297 648 2356 nos,
664 2276 847 2341 misericors
867 2275 958 2353 deus,
974 2282 1008 2338 et
1024 2273 1191 2337 mentibus
1207 2293 1282 2336 nos-

378 2379 436 2444 tris
452 2379 558 2462 gratie
574 2386 641 2442 tuae
656 2377 770 2440 lumen
786 2375 934 2440 ostende.
980 2373 1065 2438 Peru

599 2547 733 2613 Sabbata
754 2545 785 2608 fn
804 2545 850 2609 eff.
871 2545 1071 2608 lenioribus&

648 2639 713 2735 'Ad
722 2679 870 2734 sanctum
877 2678 1020 2752 petmm.

426 2799 591 2883 Populum
613 2807 717 2876 tuum,
739 2796 882 2870 domine,
906 2814 1096 2877 quesumus,
1123 2795 1285 2878 propitius

411 2987 420 3018 r

412 3065 422 3094 ¹
437 2987 723 3130 geitilbxislanation
739 3061 770 3111 of
782 3062 832 3112 this
844 3070 907 3112 term
923 3077 964 3112 see
979 3061 1073 3127 Migne,
1086 3061 1140 3112 Bib.
1156 3061 1210 3112 Pat.
1225 3061 1281 3113 Lat.

380 3145 473 3194 lxxviii.
490 3143 533 3200 61;
552 3144 627 3193 Mart.
640 3143 665 3192 ii.
679 3159 703 3208 p.
717 3153 754 3192 11.

414 3236 440 3273 Α.
453 3224 531 3272 Intret
543 3223 631 3272 oratio.
892 3219 1043 3278 Benedicite,
1056 3220 1145 3284 pruina
1156 3226 1182 3270 et
1193 3219 1270 3270 niues.

892 3298 1040 3359 Benedicite,
1053 3299 1152 3364 fulgura
1161 3309 1185 3349 et
1198 3299 1282 3349 nubes

973 3415 1081 3463 Ymnum
1093 3414 1173 3465 dicite.

893 3506 1026 3556 Benedicat
1037 3515 1101 3556 terra
1112 3506 1221 3558 domino.

893 3584 1042 3645 Benedicite,
1054 3592 1151 3634 montes
1163 3596 1188 3634 et
1198 3584 1281 3635 colles.

893 3662 1043 3724 Benedicite,
1052 3663 1137 3713 omnia
1149 3665 1282 3714 nascentia.

414 3313 450 3352 PS.
464 3300 573 3351 Domine
583 3299 646 3349 deus
657 3297 751 3351 salutis.

414 3391 439 3431 a.
451 3381 522 3428 iacta
534 3379 680 3442 cogitatum.

414 3469 440 3508 v.
453 3458 522 3506 Dum
534 3457 677 3506 clamarem.

414 3548 439 3586 a.
453 3536 494 3584 Ad
505 3534 640 3585 dominum.

414 3625 441 3664 v.
454 3615 570 3672 Domine,
581 3613 667 3663 libera.

415 3705 440 3742 a.
453 3692 585 3755 Propitius.

415 3780 441 3820 v.
454 3768 555 3818 Adiuua
566 3785 618 3818 nos

415 3859 441 3898 R.
454 3848 589 3897 Protector.

415 3936 442 3976 v,
455 3925 563 3974 Domine
575 3924 635 3974 deus
647 3925 772 3974 uirtutum.

499 4015 647 4064 Benedictus
657 4031 688 4066 es.

416 4092 567 4152 Benedicite,
581 4095 667 4142 omnia
678 4107 761 4158 opera.

416 4171 570 4230 Benedicite,
582 4171 645 4227 caeli,
657 4171 767 4221 domino.

418 4249 568 4309 Benedicite,
577 4249 658 4315 angeli
665 4248 769 4299 domiui.

499 4341 609 4389 Ymnum
620 4340 700 4390 dicite.

417 4417 566 4478 Benedicite,
579 4433 657 4483 aqnae.

417 4497 567 4556 Benedicite,
580 4513 666 4546 omnes
677 4497 787 4546 ainutes

417 4575 566 4636 Benedicite,
584 4574 662 4626 solet
682 4575 747 4636 luna,
766 4575 811 4625 do·

450 4653 527 4704 mino.

498 4744 608 4793 Ymnum
619 4743 700 4795 dicite.

419 4822 567 4883 Benedicite,
580 4821 660 4872 stellae
671 4822 733 4873 caeli.

419 4901 568 4960 Benedicite,
581 4901 667 4966 ymber
678 4913 703 4950 et
715 4916 762 4951 ros

418 4979 570 5039 Benedicite,
596 4978 677 5028 omnis
702 4979 810 5043 spiritus,

451 5056 561 5109 domino.

499 5149 608 5197 Ymnum
619 5148 699 5198 dicite.

420 5224 569 5286 Benedicite,
581 5226 645 5290 ignis
655 5234 680 5276 et
692 5233 765 5276 estas.

420 5303 568 5365 Benedicite,
581 5311 666 5354 noctes
677 5312 702 5354 et
713 5305 772 5356 dies.

421 5381 568 5442 Benedicite,
580 5384 687 5434 tenebre.

501 5473 609 5522 Ymnum
621 5474 701 5524 dicite.

422 5548 571 5612 Benedicite,
582 5551 658 5617 frigus
666 5560 692 5601 et
701 5567 797 5604 munia.

973 3781 1082 3829 l'mnum
1093 3780 1173 3830 dicite.

894 3869 1126 3930 Benedicite,maria
1137 3879 1161 3920 et
1174 3869 1282 3920 fiumina

894 3949 1041 4008 Benedicite,
1055 3948 1142 4008 fontes,
1153 3949 1263 3999 domino.

894 4025 1042 4086 Benedicite,
1061 4027 1145 4076 omnia
1167 4042 1214 4091 que
1233 4043 1285 4077 mo·

926 4111 1021 4155 nentur.

976 4210 1084 4258 Ymnum
1095 4210 1176 4260 dicite.

895 4300 1043 4358 Benedicite,
1056 4301 1167 4351 uolucres
1175 4301 1230 4363 celi,
1242 4302 1286 4352 do·

928 4379 1004 4428 mino.

895 4457 1044 4516 Benedicite,
1056 4457 1168 4508 uniuersa
1178 4475 1277 4524 pecora.

896 4534 1045 4596 Benedicite,
1074 4534 1119 4584 lilii
1147 4535 1287 4598 hominnm,

928 4613 1040 4663 domino.

977 4719 1086 4767 l'mnum
1097 4719 1178 4770 de'cite.

896 4812 1029 4862 Benedicat
1041 4811 1114 4863 israel
1126 4813 1236 4865 domino.

897 4890 1044 4951 Benedicite,
1070 4893 1210 4943 sacerdotes
1244 4894 1288 4943 do·

930 4969 999 5025 mini,
1010 4969 1120 5020 domino.

897 5046 1045 5108 Benedicite,
1056 5050 1120 5099 serui
1131 5048 1235 5110 domini,
1245 5051 1289 5101 do·

929 5124 1005 5176 mino.

981 5231 1090 5280 Ymnum
1100 5232 1180 5284 amre.

898 5320 1150 5388 Benedicite,spiritns
1164 5331 1190 5372 et
1202 5325 1291 5375 animae

930 5401 1057 5451 iustorum.

897 5476 1046 5540 Benedicite,
1058 5479 1137 5530 sancti
1148 5487 1172 5530 et
1186 5479 1293 5530 humiles

931 5555 1013 5606 corde.

1611 491 1727 576 §abb
1743 492 1778 566 fu
1795 491 1846 566 xli.
1864 492 1954 565 lert.

1328 693 1462 776 respice,
1478 704 1581 776 atque
1603 692 1647 757 ab
1670 713 1712 756 eo
1732 691 1864 775 flagella
1886 702 1953 755 tuae
1969 691 2146 756 iracundiae
2166 691 2231 757 cle-

1329 802 1457 858 menter
1471 803 1594 857 auerte.
1641 792 1702 856 Per
1717 793 1914 857 dominum.⁷

1735 965 1826 1032 Alia.

1373 1093 1474 1171 Deus,
1499 1092 1556 1175 qui
1587 1113 1646 1156 nos
1670 1092 1704 1155 in
1728 1093 1830 1157 tantis
1856 1091 2009 1176 periculis
2035 1091 2234 1157 constitutos

1329 1213 1389 1275 pro
1404 1193 1549 1257 humana
1565 1192 1629 1255 scis
1643 1191 1822 1275 fragilitate
1842 1213 1909 1257 non
1929 1213 2026 1274 posse
2044 1192 2233 1269 subsistere,

1330 1294 1374 1357 da
1396 1291 1492 1356 nobis
1515 1291 1657 1356 salutem
1680 1292 1799 1355 mentis
1822 1302 1856 1357 et
1878 1291 2032 1375 corporis,
2048 1300 2085 1356 ut
2105 1312 2144 1356 ea
2160 1312 2235 1374 quae

1330 1411 1391 1473 pro
1414 1392 1559 1473 peccatis
1584 1392 1703 1455 nostris
1724 1389 1878 1474 patimur,
1900 1401 1936 1455 te
1956 1391 2142 1466 adiuuante,
2163 1392 2234 1454 uin-

1331 1509 1454 1555 camus.
1501 1491 1588 1555 Pera

1737 1601 1830 1666 Alia.

1376 1729 1548 1793 Protector
1562 1738 1682 1804 noster,
1699 1729 1819 1810 aspice,
1837 1728 1929 1804 deus,
1945 1739 1982 1792 ut
1998 1728 2054 1811 qui
2074 1727 2235 1792 malorum

1333 1837 1518 1892 nostrorum
1541 1829 1687 1910 pondere
1713 1829 1903 1910 premimur,
1926 1837 2083 1912 percepta
2110 1827 2237 1892 miseri-

1332 1928 1453 2002 cordia,
1470 1927 1573 1991 libera
1588 1927 1650 1990 tibi
1666 1937 1779 1991 mente
1793 1927 2000 1992 famulemur.
2047 1928 2118 1992 Per.

1739 2102 1832 2167 Alia.

1377 2225 1435 2291 Ad
1460 2237 1541 2306 esto,
1562 2227 1706 2304 domine,
1728 2247 1919 2309 quesumus,
1941 2227 2238 2311 supplicationibus

1336 2327 1462 2405 nostris,
1478 2337 1515 2390 ut
1538 2347 1618 2403 esse,
1638 2338 1673 2391 te
1695 2326 1865 2410 largiente,
1890 2347 2076 2393 mereamur
2098 2340 2131 2393 et
2156 2329 2240 2394 inter

1335 2447 1493 2510 prospera
1507 2426 1658 2502 humiles,
1675 2436 1709 2491 et
1725 2427 1809 2491 inter
1823 2429 1963 2492 aduersa
1978 2429 2092 2493 securi.
2138 2429 2225 2494 Pers

1743 2603 1834 2666 Alia.

1379 2725 1543 2793 Actiones
1566 2737 1705 2807 nostras,
1720 2748 1909 2811 quesumus,
1932 2729 2074 2804 domine,
2098 2741 2132 2794 et
2154 2730 2241 2813 aspi·

1336 2829 1440 2892 rando
1449 2826 1603 2909 praeueni,
1613 2836 1647 2890 et
1661 2828 1704 2892 ad
1719 2827 1865 2892 iuuando
1876 2849 2085 2911 prosequere,
2096 2840 2132 2895 ut
2142 2849 2239 2894 cunc-

1336 2938 1372 2992 ta
1388 2938 1501 2992 nostra
1516 2927 1666 3008 operatio
1681 2936 1716 2991 et
1731 2947 1752 2990 a
1768 2937 1801 2991 te
1822 2949 1953 3011 semper
1968 2929 2104 3012 incipiat
2126 2939 2160 2995 et
2182 2949 2242 3013 per

1338 3041 1371 3095 te
1386 3039 1483 3111 cepta
1499 3027 1639 3093 finiatur.
1686 3029 1749 3092 Per
1763 3029 1978 3093 dominum¹.⁷

1672 3209 1735 3273 Ad
1747 3209 1894 3273 missam.

1382 3334 1483 3412 Deua,
1500 3333 1556 3416 qui
1572 3333 1678 3398 tribus
1700 3335 1811 3416 pueris
1834 3333 1994 3418 mitigasti
2017 3331 2169 3398 flammas
2191 3337 2240 3419 ig-

1339 3434 1438 3512 nium,
1454 3435 1600 3498 concede
1616 3434 1778 3516 propitius
1793 3442 1831 3498 ut
1852 3455 1912 3498 nos
1926 3433 2069 3498 famulos
2084 3444 2160 3500 tuos
2175 3455 2241 3499 non

1339 3543 1458 3597 exurat
1474 3531 1609 3597 flamma
1625 3535 1789 3598 uitiorum.
1835 3533 1920 3598 Per.⁷

1723 3707 1865 3773 Secreta.

1383 3832 1593 3897 Presentibus
1619 3833 1794 3906 sacrificiis,
1818 3833 1962 3912 domine,
1987 3832 2107 3897 ieiunia
2132 3844 2243 3900 nostra

1338 3933 1516 4008 sanctifica,
1533 3942 1571 3998 ut
1591 3934 1680 4015 quod
1704 3933 1915 3997 obseruantia
1939 3942 2052 3997 nostra
2070 3932 2243 4015 profitetur

1339 4034 1552 4110 extrinsecus,
1568 4033 1704 4096 interius
1719 4041 1881 4116 operetur.
1927 4033 1990 4096 Per
2003 4033 2201 4097 dominumr

1707 4205 1878 4292 Proesatio.

1384 4332 1429 4398 U.
1446 4332 1489 4395 D.
1506 4342 1631 4398 aeteme
1653 4334 1744 4398 deus.
1790 4333 1837 4398 Et
1857 4342 1949 4397 tuam
1966 4332 2084 4416 iugiter
2106 4351 2246 4396 exorare

1340 4431 1558 4510 clementiam,
1569 4442 1606 4496 ut
1622 4445 1750 4496 mentes
1766 4441 1895 4496 nostras
1911 4452 1994 4514 quas
2006 4431 2167 4513 conspicis
2179 4442 2245 4496 ter·

1341 4533 1426 4595 renis
1441 4531 1614 4596 affectibus
1636 4531 1836 4615 praegrauari
1855 4531 2104 4595 medicinalibus
2119 4532 2246 4596 tribuas

1453 4771 1562 4819 l'mnum
1573 4769 1653 4818 dicite.
1854 4779 1880 4818 v.
1893 4768 2019 4832 Quoniam
2030 4767 2184 4819 confirmata

1375 4857 1524 4918 Benedicite,
1540 4858 1651 4916 ananias,
1664 4859 1766 4916 mm,
1854 4859 1897 4896 or.
1931 4846 2039 4896 Domine
2069 4847 2130 4896 deus
2159 4847 2247 4896 salutis

1408 4937 1501 4987 misael.
1887 4941 1956 4976 mere.

1854 5015 1921 5055 coar.
1947 5003 2056 5055 Domine
2083 5003 2144 5054 deus
2168 5019 2246 5066 meus,

1456 5069 1565 5118 l'mnum
1575 5069 1656 5119 dicite.
1887 5081 1956 5133 inge,

1375 5169 1419 5209 ra.
1435 5157 1546 5208 laudate
1556 5157 1692 5210 dominum.

1377 5249 1384 5276 ¹
1402 5263 1420 5298 ψ
1429 5247 1516 5298 Preces
1525 5249 1611 5314 populi
1623 5251 1660 5299 tui
1672 5266 1705 5315 q.,
1717 5249 1781 5306 dne..
1790 5249 1923 5300 clementer
1934 5249 2032 5308 exaudi,
2040 5249 2117 5316 atqui
2128 5251 2192 5299 iuste
2200 5265 2247 5314 pro

1344 5327 1455 5391 peccatis
1472 5326 1562 5376 nostris
1573 5325 1716 5393 affligimur,
1733 5344 1780 5393 pro
1797 5329 1832 5378 tni
1843 5329 1952 5378 nominis
1962 5329 2045 5394 gloria
2055 5327 2247 5378 misericorditer

1344 5403 1483 5454 liberemur.
1504 5404 1558 5456 Per.

1377 5483 1448 5532 Alia
1466 5483 1497 5546 Q.
1513 5499 1536 5533 o.
1551 5481 1576 5533 d
1597 5491 1658 5534 uota
1673 5483 1805 5534 humilium
1822 5483 1923 5549 respice,
1939 5492 2014 5550 atque
2030 5485 2062 5535 ad
2080 5483 2248 5546 defensionem

1345 5566 1458 5610 nostram
1469 5561 1596 5612 dexteram
1609 5570 1658 5612 tuae
1670 5561 1805 5613 maiestatis
1816 5563 1927 5614 extende.
1948 5564 2002 5614 Per.
2022 5563 2049 5614 Z.
