<?xml version="1.0" encoding="UTF-8"?>
<!DOCTYPE html PUBLIC "-//W3C//DTD XHTML 1.0 Transitional//EN"
    "http://www.w3.org/TR/xhtml1/DTD/xhtml1-transitional.dtd">
<html xmlns="http://www.w3.org/1999/xhtml" xml:lang="en" lang="en">
 <head>
  <title>
</title>
<meta http-equiv="Content-Type" content="text/html;charset=utf-8" />
  <meta name='ocr-system' content='tesseract 3.04.00' />
  <meta name='ocr-capabilities' content='ocr_page ocr_carea ocr_par ocr_line ocrx_word'/>
</head>
<body>
  <div class='ocr_page' id='page_1' title='image "./leofricmissalas00cathgoog_0208.png"; bbox 0 0 5122 6610; ppageno 0'>
   <div class='ocr_carea' id='block_1_1' title="bbox 2059 643 2128 716">
    <p class='ocr_par' dir='ltr' id='par_1_1' title="bbox 2059 643 2128 716">
     <span class='ocr_line' id='line_1_1' title="bbox 2059 643 2128 716; baseline 0 0"><span class='ocrx_word' id='word_1_1' title='bbox 2059 643 2128 716; x_wconf 87' lang='lat'>133</span> 
     </span>
    </p>
   </div>
   <div class='ocr_carea' id='block_1_2' title="bbox 561 623 1847 726">
    <p class='ocr_par' dir='ltr' id='par_1_2' title="bbox 561 623 1847 726">
     <span class='ocr_line' id='line_1_2' title="bbox 561 623 1847 726; baseline -0.014 -10"><span class='ocrx_word' id='word_1_2' title='bbox 561 637 646 726; x_wconf 56' lang='grc' dir='ltr'>ἐξ»</span> <span class='ocrx_word' id='word_1_3' title='bbox 664 637 889 714; x_wconf 74' lang='lat' dir='ltr'>inmundum.</span> <span class='ocrx_word' id='word_1_4' title='bbox 1516 625 1602 713; x_wconf 60' lang='grc' dir='ltr'>ῶξ.</span> <span class='ocrx_word' id='word_1_5' title='bbox 1622 623 1847 701; x_wconf 73' lang='lat' dir='ltr'>lunonntlnn.</span> 
     </span>
    </p>
   </div>
   <div class='ocr_carea' id='block_1_3' title="bbox 179 821 2131 923">
    <p class='ocr_par' dir='ltr' id='par_1_3' title="bbox 179 821 2131 923">
     <span class='ocr_line' id='line_1_3' title="bbox 179 821 2131 923; baseline -0.012 -11"><span class='ocrx_word' id='word_1_6' title='bbox 179 828 185 839; x_wconf 62' lang='grc'><strong><em>’</em></strong></span> <span class='ocrx_word' id='word_1_7' title='bbox 282 846 403 911; x_wconf 92' lang='lat' dir='ltr'>sionem</span> <span class='ocrx_word' id='word_1_8' title='bbox 432 841 523 908; x_wconf 92' lang='lat' dir='ltr'>beati</span> <span class='ocrx_word' id='word_1_9' title='bbox 554 840 705 908; x_wconf 91' lang='lat' dir='ltr'>iohannis</span> <span class='ocrx_word' id='word_1_10' title='bbox 741 837 883 923; x_wconf 92' lang='lat' dir='ltr'>apostoli</span> <span class='ocrx_word' id='word_1_11' title='bbox 913 846 947 904; x_wconf 91' lang='lat' dir='ltr'>et</span> <span class='ocrx_word' id='word_1_12' title='bbox 973 833 1176 920; x_wconf 77' lang='lat' dir='ltr'>euangeliste</span> <span class='ocrx_word' id='word_1_13' title='bbox 1229 839 1387 895; x_wconf 85' lang='lat' dir='ltr'><strong>nocentes</strong></span> <span class='ocrx_word' id='word_1_14' title='bbox 1410 837 1572 912; x_wconf 87' lang='lat' dir='ltr'>martyres</span> <span class='ocrx_word' id='word_1_15' title='bbox 1594 847 1660 894; x_wconf 92' lang='lat' dir='ltr'>non</span> <span class='ocrx_word' id='word_1_16' title='bbox 1682 825 1851 912; x_wconf 92' lang='lat' dir='ltr'>loquendo</span> <span class='ocrx_word' id='word_1_17' title='bbox 1877 821 1936 890; x_wconf 91' lang='lat' dir='ltr'>sed</span> <span class='ocrx_word' id='word_1_18' title='bbox 1960 823 2131 892; x_wconf 87' lang='lat' dir='ltr'>moriendo</span> 
     </span>
    </p>
   </div>
   <div class='ocr_carea' id='block_1_4' title="bbox 280 924 2131 1024">
    <p class='ocr_par' dir='ltr' id='par_1_4' title="bbox 280 924 2131 1024">
     <span class='ocr_line' id='line_1_4' title="bbox 280 924 2131 1024; baseline -0.011 -15"><span class='ocrx_word' id='word_1_19' title='bbox 280 942 482 1019; x_wconf 89' lang='lat' dir='ltr'>benedicere,</span> <span class='ocrx_word' id='word_1_20' title='bbox 498 942 555 1024; x_wconf 93' lang='lat' dir='ltr'>qui</span> <span class='ocrx_word' id='word_1_21' title='bbox 570 960 630 1024; x_wconf 89' lang='lat' dir='ltr'>per</span> <span class='ocrx_word' id='word_1_22' title='bbox 644 962 721 1005; x_wconf 93' lang='lat' dir='ltr'>eum</span> <span class='ocrx_word' id='word_1_23' title='bbox 736 940 879 1005; x_wconf 90' lang='lat' dir='ltr'>archana</span> <span class='ocrx_word' id='word_1_24' title='bbox 894 938 985 1004; x_wconf 93' lang='lat' dir='ltr'>uerbi</span> <span class='ocrx_word' id='word_1_25' title='bbox 1001 938 1051 1001; x_wconf 90' lang='lat' dir='ltr'>sui</span> <span class='ocrx_word' id='word_1_26' title='bbox 1073 934 1175 1001; x_wconf 90' lang='lat' dir='ltr'>eccle·</span> <span class='ocrx_word' id='word_1_27' title='bbox 1228 930 1367 995; x_wconf 83' lang='lat' dir='ltr'>confessi</span> <span class='ocrx_word' id='word_1_28' title='bbox 1383 937 1468 1007; x_wconf 92' lang='lat' dir='ltr'>sunt,</span> <span class='ocrx_word' id='word_1_29' title='bbox 1483 929 1595 994; x_wconf 90' lang='lat' dir='ltr'>omnia</span> <span class='ocrx_word' id='word_1_30' title='bbox 1610 928 1644 991; x_wconf 93' lang='lat' dir='ltr'>in</span> <span class='ocrx_word' id='word_1_31' title='bbox 1659 926 1755 992; x_wconf 88' lang='lat' dir='ltr'>nobis</span> <span class='ocrx_word' id='word_1_32' title='bbox 1770 925 1925 991; x_wconf 92' lang='lat' dir='ltr'>uitiorum</span> <span class='ocrx_word' id='word_1_33' title='bbox 1941 924 2029 989; x_wconf 88' lang='lat' dir='ltr'>mala</span> <span class='ocrx_word' id='word_1_34' title='bbox 2044 944 2131 988; x_wconf 92' lang='lat' dir='ltr'>mor·</span> 
     </span>
    </p>
   </div>
   <div class='ocr_carea' id='block_1_5' title="bbox 280 1039 1179 2024">
    <p class='ocr_par' dir='ltr' id='par_1_5' title="bbox 281 1039 796 1108">
     <span class='ocr_line' id='line_1_5' title="bbox 281 1039 796 1108; baseline -0.012 0"><span class='ocrx_word' id='word_1_35' title='bbox 281 1045 334 1108; x_wconf 83' lang='lat' dir='ltr'>siae</span> <span class='ocrx_word' id='word_1_36' title='bbox 348 1041 457 1106; x_wconf 93' lang='lat' dir='ltr'>uoluit</span> <span class='ocrx_word' id='word_1_37' title='bbox 472 1040 628 1105; x_wconf 89' lang='lat' dir='ltr'>reuelare.</span> <span class='ocrx_word' id='word_1_38' title='bbox 672 1039 796 1105; x_wconf 90' lang='lat' dir='ltr'>Amen.</span> 
     </span>
    </p>

    <p class='ocr_par' dir='ltr' id='par_1_6' title="bbox 280 1134 1178 1425">
     <span class='ocr_line' id='line_1_6' title="bbox 323 1134 1177 1226; baseline -0.013 -19"><span class='ocrx_word' id='word_1_39' title='bbox 323 1141 495 1207; x_wconf 85' lang='lat' dir='ltr'>Concedat</span> <span class='ocrx_word' id='word_1_40' title='bbox 521 1140 616 1204; x_wconf 91' lang='lat' dir='ltr'>uobis</span> <span class='ocrx_word' id='word_1_41' title='bbox 640 1151 677 1206; x_wconf 92' lang='lat' dir='ltr'>ut</span> <span class='ocrx_word' id='word_1_42' title='bbox 705 1141 794 1226; x_wconf 83' lang='lat' dir='ltr'>quod</span> <span class='ocrx_word' id='word_1_43' title='bbox 824 1139 880 1205; x_wconf 90' lang='lat' dir='ltr'>ille</span> <span class='ocrx_word' id='word_1_44' title='bbox 909 1139 1043 1222; x_wconf 88' lang='lat' dir='ltr'>spiritus</span> <span class='ocrx_word' id='word_1_45' title='bbox 1071 1134 1177 1200; x_wconf 89' lang='lat' dir='ltr'>sancti</span> 
     </span>
     <span class='ocr_line' id='line_1_7' title="bbox 282 1237 1178 1319; baseline -0.011 -11"><span class='ocrx_word' id='word_1_46' title='bbox 282 1263 413 1308; x_wconf 90' lang='lat' dir='ltr'>munere</span> <span class='ocrx_word' id='word_1_47' title='bbox 428 1240 559 1306; x_wconf 89' lang='lat' dir='ltr'>afflatus</span> <span class='ocrx_word' id='word_1_48' title='bbox 578 1240 712 1304; x_wconf 91' lang='lat' dir='ltr'>auribus</span> <span class='ocrx_word' id='word_1_49' title='bbox 734 1239 860 1319; x_wconf 88' lang='lat' dir='ltr'>infudit,</span> <span class='ocrx_word' id='word_1_50' title='bbox 876 1239 1025 1304; x_wconf 89' lang='lat' dir='ltr'>eiusdem</span> <span class='ocrx_word' id='word_1_51' title='bbox 1046 1237 1178 1318; x_wconf 91' lang='lat' dir='ltr'>spiritus</span> 
     </span>
     <span class='ocr_line' id='line_1_8' title="bbox 280 1338 960 1425; baseline -0.01 -17"><span class='ocrx_word' id='word_1_52' title='bbox 280 1343 366 1408; x_wconf 92' lang='lat' dir='ltr'>dono</span> <span class='ocrx_word' id='word_1_53' title='bbox 381 1360 499 1425; x_wconf 84' lang='lat' dir='ltr'>capere</span> <span class='ocrx_word' id='word_1_54' title='bbox 515 1350 628 1404; x_wconf 88' lang='lat' dir='ltr'>mente</span> <span class='ocrx_word' id='word_1_55' title='bbox 642 1339 792 1404; x_wconf 92' lang='lat' dir='ltr'>ualeatis.</span> <span class='ocrx_word' id='word_1_56' title='bbox 836 1338 960 1404; x_wconf 89' lang='lat' dir='ltr'>Amen.</span> 
     </span>
    </p>

    <p class='ocr_par' dir='ltr' id='par_1_7' title="bbox 282 1437 1179 1921">
     <span class='ocr_line' id='line_1_9' title="bbox 321 1437 1177 1526; baseline -0.005 -22"><span class='ocrx_word' id='word_1_57' title='bbox 321 1441 422 1526; x_wconf 84' lang='lat' dir='ltr'>Quod</span> <span class='ocrx_word' id='word_1_58' title='bbox 447 1439 517 1504; x_wconf 90' lang='lat' dir='ltr'>eius</span> <span class='ocrx_word' id='word_1_59' title='bbox 538 1440 739 1504; x_wconf 91' lang='lat' dir='ltr'>documento</span> <span class='ocrx_word' id='word_1_60' title='bbox 760 1440 803 1504; x_wconf 92' lang='lat' dir='ltr'>de</span> <span class='ocrx_word' id='word_1_61' title='bbox 818 1438 994 1504; x_wconf 90' lang='lat' dir='ltr'>diuinitate</span> <span class='ocrx_word' id='word_1_62' title='bbox 1009 1437 1112 1503; x_wconf 87' lang='lat' dir='ltr'><strong>nostri</strong></span> <span class='ocrx_word' id='word_1_63' title='bbox 1128 1457 1177 1500; x_wconf 90' lang='lat' dir='ltr'>re·</span> 
     </span>
     <span class='ocr_line' id='line_1_10' title="bbox 282 1537 1179 1624; baseline -0.007 -18"><span class='ocrx_word' id='word_1_64' title='bbox 282 1541 460 1624; x_wconf 89' lang='lat' dir='ltr'>demptoris</span> <span class='ocrx_word' id='word_1_65' title='bbox 483 1539 604 1614; x_wconf 86' lang='lat' dir='ltr'>edocti,</span> <span class='ocrx_word' id='word_1_66' title='bbox 628 1548 663 1604; x_wconf 91' lang='lat' dir='ltr'>et</span> <span class='ocrx_word' id='word_1_67' title='bbox 688 1540 832 1603; x_wconf 89' lang='lat' dir='ltr'>amando</span> <span class='ocrx_word' id='word_1_68' title='bbox 858 1538 948 1621; x_wconf 92' lang='lat' dir='ltr'>quod</span> <span class='ocrx_word' id='word_1_69' title='bbox 972 1537 1118 1615; x_wconf 86' lang='lat' dir='ltr'>tradidit,</span> <span class='ocrx_word' id='word_1_70' title='bbox 1145 1545 1179 1601; x_wconf 88' lang='lat' dir='ltr'>et</span> 
     </span>
     <span class='ocr_line' id='line_1_11' title="bbox 283 1637 1178 1724; baseline -0.004 -20"><span class='ocrx_word' id='word_1_71' title='bbox 283 1640 481 1724; x_wconf 88' lang='lat' dir='ltr'>predicando</span> <span class='ocrx_word' id='word_1_72' title='bbox 510 1639 600 1721; x_wconf 92' lang='lat' dir='ltr'>quod</span> <span class='ocrx_word' id='word_1_73' title='bbox 630 1638 752 1716; x_wconf 90' lang='lat' dir='ltr'>docuit,</span> <span class='ocrx_word' id='word_1_74' title='bbox 780 1647 813 1702; x_wconf 89' lang='lat' dir='ltr'>et</span> <span class='ocrx_word' id='word_1_75' title='bbox 843 1639 1058 1721; x_wconf 90' lang='lat' dir='ltr'>exsequendo</span> <span class='ocrx_word' id='word_1_76' title='bbox 1088 1637 1178 1720; x_wconf 94' lang='lat' dir='ltr'>quod</span> 
     </span>
     <span class='ocr_line' id='line_1_12' title="bbox 283 1736 1179 1821; baseline -0.006 -16"><span class='ocrx_word' id='word_1_77' title='bbox 283 1741 382 1816; x_wconf 88' lang='lat' dir='ltr'>iussit,</span> <span class='ocrx_word' id='word_1_78' title='bbox 405 1739 449 1805; x_wconf 92' lang='lat' dir='ltr'>ad</span> <span class='ocrx_word' id='word_1_79' title='bbox 476 1739 565 1804; x_wconf 91' lang='lat' dir='ltr'>dona</span> <span class='ocrx_word' id='word_1_80' title='bbox 589 1739 761 1820; x_wconf 90' lang='lat' dir='ltr'>peruenire</span> <span class='ocrx_word' id='word_1_81' title='bbox 782 1737 982 1814; x_wconf 90' lang='lat' dir='ltr'>mercamini,</span> <span class='ocrx_word' id='word_1_82' title='bbox 1003 1757 1068 1821; x_wconf 76' lang='lat' dir='ltr'>que</span> <span class='ocrx_word' id='word_1_83' title='bbox 1091 1736 1179 1801; x_wconf 92' lang='lat' dir='ltr'>idem</span> 
     </span>
     <span class='ocr_line' id='line_1_13' title="bbox 284 1835 1179 1921; baseline -0.004 -17"><span class='ocrx_word' id='word_1_84' title='bbox 284 1839 433 1904; x_wconf 90' lang='lat' dir='ltr'>dominus</span> <span class='ocrx_word' id='word_1_85' title='bbox 445 1848 556 1903; x_wconf 90' lang='lat' dir='ltr'>noster</span> <span class='ocrx_word' id='word_1_86' title='bbox 567 1837 676 1902; x_wconf 90' lang='lat' dir='ltr'>ihesus</span> <span class='ocrx_word' id='word_1_87' title='bbox 687 1838 827 1903; x_wconf 88' lang='lat' dir='ltr'>christus</span> <span class='ocrx_word' id='word_1_88' title='bbox 839 1837 1033 1921; x_wconf 90' lang='lat' dir='ltr'>repromisit.</span> <span class='ocrx_word' id='word_1_89' title='bbox 1056 1835 1179 1900; x_wconf 90' lang='lat' dir='ltr'>Arnen.</span> 
     </span>
    </p>

    <p class='ocr_par' dir='ltr' id='par_1_8' title="bbox 326 1936 705 2024">
     <span class='ocr_line' id='line_1_14' title="bbox 326 1936 705 2024; baseline -0.003 -20"><span class='ocrx_word' id='word_1_90' title='bbox 326 1939 425 2024; x_wconf 87' lang='lat' dir='ltr'>Quod</span> <span class='ocrx_word' id='word_1_91' title='bbox 441 1940 512 2020; x_wconf 89' lang='lat' dir='ltr'>ipse</span> <span class='ocrx_word' id='word_1_92' title='bbox 527 1947 675 2020; x_wconf 89' lang='lat' dir='ltr'>prestare</span> <span class='ocrx_word' id='word_1_93' title='bbox 684 1936 705 2003; x_wconf 86' lang='lat'>¹.</span> 
     </span>
    </p>
   </div>
   <div class='ocr_carea' id='block_1_6' title="bbox 576 2085 882 2169">
    <p class='ocr_par' dir='ltr' id='par_1_9' title="bbox 576 2085 882 2169">
     <span class='ocr_line' id='line_1_15' title="bbox 576 2085 882 2169; baseline 0.003 -19"><span class='ocrx_word' id='word_1_94' title='bbox 576 2087 637 2151; x_wconf 86' lang='lat' dir='ltr'>Ad</span> <span class='ocrx_word' id='word_1_95' title='bbox 654 2085 882 2169; x_wconf 76' lang='lat' dir='ltr'>complendum.</span> 
     </span>
    </p>
   </div>
   <div class='ocr_carea' id='block_1_7' title="bbox 288 2211 1182 2580">
    <p class='ocr_par' dir='ltr' id='par_1_10' title="bbox 288 2211 1182 2580">
     <span class='ocr_line' id='line_1_16' title="bbox 328 2211 1181 2296; baseline -0.006 -18"><span class='ocrx_word' id='word_1_96' title='bbox 328 2213 461 2279; x_wconf 91' lang='lat' dir='ltr'>Refecti</span> <span class='ocrx_word' id='word_1_97' title='bbox 484 2213 559 2278; x_wconf 92' lang='lat' dir='ltr'>cibo</span> <span class='ocrx_word' id='word_1_98' title='bbox 582 2223 730 2296; x_wconf 91' lang='lat' dir='ltr'>potuque</span> <span class='ocrx_word' id='word_1_99' title='bbox 752 2211 886 2287; x_wconf 75' lang='lat' dir='ltr'>caelesti,</span> <span class='ocrx_word' id='word_1_100' title='bbox 906 2212 988 2276; x_wconf 90' lang='lat' dir='ltr'>deus</span> <span class='ocrx_word' id='word_1_101' title='bbox 1010 2219 1130 2286; x_wconf 88' lang='lat' dir='ltr'>noster,</span> <span class='ocrx_word' id='word_1_102' title='bbox 1147 2218 1181 2274; x_wconf 92' lang='lat' dir='ltr'>te</span> 
     </span>
     <span class='ocr_line' id='line_1_17' title="bbox 288 2310 1181 2398; baseline -0.008 -20"><span class='ocrx_word' id='word_1_103' title='bbox 288 2314 447 2398; x_wconf 91' lang='lat' dir='ltr'>supplices</span> <span class='ocrx_word' id='word_1_104' title='bbox 469 2314 695 2396; x_wconf 85' lang='lat' dir='ltr'>deprecamur,</span> <span class='ocrx_word' id='word_1_105' title='bbox 715 2322 752 2376; x_wconf 91' lang='lat' dir='ltr'>ut</span> <span class='ocrx_word' id='word_1_106' title='bbox 774 2313 808 2376; x_wconf 94' lang='lat' dir='ltr'>in</span> <span class='ocrx_word' id='word_1_107' title='bbox 831 2313 924 2376; x_wconf 92' lang='lat' dir='ltr'>cuius</span> <span class='ocrx_word' id='word_1_108' title='bbox 945 2310 1016 2374; x_wconf 87' lang='lat' dir='ltr'>haec</span> <span class='ocrx_word' id='word_1_109' title='bbox 1037 2329 1181 2373; x_wconf 90' lang='lat' dir='ltr'>comme-</span> 
     </span>
     <span class='ocr_line' id='line_1_18' title="bbox 290 2413 1182 2498; baseline -0.006 -18"><span class='ocrx_word' id='word_1_110' title='bbox 290 2418 468 2481; x_wconf 88' lang='lat' dir='ltr'>moratione</span> <span class='ocrx_word' id='word_1_111' title='bbox 490 2415 706 2498; x_wconf 87' lang='lat' dir='ltr'>percepimus,</span> <span class='ocrx_word' id='word_1_112' title='bbox 723 2415 791 2478; x_wconf 93' lang='lat' dir='ltr'>eius</span> <span class='ocrx_word' id='word_1_113' title='bbox 814 2414 1002 2477; x_wconf 90' lang='lat' dir='ltr'>muniamur</span> <span class='ocrx_word' id='word_1_114' title='bbox 1023 2422 1057 2476; x_wconf 92' lang='lat' dir='ltr'>et</span> <span class='ocrx_word' id='word_1_115' title='bbox 1079 2413 1182 2494; x_wconf 92' lang='lat' dir='ltr'>preci-</span> 
     </span>
     <span class='ocr_line' id='line_1_19' title="bbox 290 2515 842 2580; baseline -0.005 0"><span class='ocrx_word' id='word_1_116' title='bbox 290 2517 356 2580; x_wconf 91' lang='lat' dir='ltr'>bus.</span> <span class='ocrx_word' id='word_1_117' title='bbox 401 2515 465 2580; x_wconf 88' lang='lat' dir='ltr'>Per</span> <span class='ocrx_word' id='word_1_118' title='bbox 481 2515 653 2580; x_wconf 92' lang='lat' dir='ltr'>dominum</span> <span class='ocrx_word' id='word_1_119' title='bbox 668 2523 842 2579; x_wconf 71' lang='lat' dir='ltr'>nostrum.⁷</span> 
     </span>
    </p>
   </div>
   <div class='ocr_carea' id='block_1_8' title="bbox 619 2662 851 2746">
    <p class='ocr_par' dir='ltr' id='par_1_11' title="bbox 619 2662 851 2746">
     <span class='ocr_line' id='line_1_20' title="bbox 619 2662 851 2746; baseline -0.009 -19"><span class='ocrx_word' id='word_1_120' title='bbox 619 2662 681 2727; x_wconf 80' lang='lat' dir='ltr'>Ad</span> <span class='ocrx_word' id='word_1_121' title='bbox 698 2673 851 2746; x_wconf 83' lang='lat' dir='ltr'>uesperos.</span> 
     </span>
    </p>
   </div>
   <div class='ocr_carea' id='block_1_9' title="bbox 292 2787 1187 3073">
    <p class='ocr_par' dir='ltr' id='par_1_12' title="bbox 292 2787 1187 3073">
     <span class='ocr_line' id='line_1_21' title="bbox 333 2787 1185 2872; baseline -0.004 -17"><span class='ocrx_word' id='word_1_122' title='bbox 333 2791 425 2856; x_wconf 87' lang='lat' dir='ltr'>Beati</span> <span class='ocrx_word' id='word_1_123' title='bbox 440 2789 591 2854; x_wconf 91' lang='lat' dir='ltr'>iohannis</span> <span class='ocrx_word' id='word_1_124' title='bbox 610 2787 823 2872; x_wconf 77' lang='lat' dir='ltr'>euangeliste,</span> <span class='ocrx_word' id='word_1_125' title='bbox 838 2807 1025 2870; x_wconf 90' lang='lat' dir='ltr'>quesumus,</span> <span class='ocrx_word' id='word_1_126' title='bbox 1041 2787 1185 2864; x_wconf 91' lang='lat' dir='ltr'>domine,</span> 
     </span>
     <span class='ocr_line' id='line_1_22' title="bbox 292 2887 1187 2974; baseline -0.004 -18"><span class='ocrx_word' id='word_1_127' title='bbox 292 2891 526 2974; x_wconf 90' lang='lat' dir='ltr'>supplicatione</span> <span class='ocrx_word' id='word_1_128' title='bbox 541 2889 700 2972; x_wconf 92' lang='lat' dir='ltr'>placatus,</span> <span class='ocrx_word' id='word_1_129' title='bbox 716 2899 750 2952; x_wconf 87' lang='lat' dir='ltr'>et</span> <span class='ocrx_word' id='word_1_130' title='bbox 766 2889 898 2953; x_wconf 91' lang='lat' dir='ltr'>ueniam</span> <span class='ocrx_word' id='word_1_131' title='bbox 914 2889 1010 2952; x_wconf 91' lang='lat' dir='ltr'>nobis</span> <span class='ocrx_word' id='word_1_132' title='bbox 1024 2887 1140 2970; x_wconf 73' lang='lat' dir='ltr'>tribue,</span> <span class='ocrx_word' id='word_1_133' title='bbox 1153 2897 1187 2952; x_wconf 93' lang='lat' dir='ltr'>et</span> 
     </span>
     <span class='ocr_line' id='line_1_23' title="bbox 292 2987 947 3073; baseline -0.002 -20"><span class='ocrx_word' id='word_1_134' title='bbox 292 2991 431 3055; x_wconf 89' lang='lat' dir='ltr'>remedia</span> <span class='ocrx_word' id='word_1_135' title='bbox 446 2989 647 3073; x_wconf 89' lang='lat' dir='ltr'>sempiterna</span> <span class='ocrx_word' id='word_1_136' title='bbox 661 2988 816 3055; x_wconf 91' lang='lat' dir='ltr'>concede.</span> <span class='ocrx_word' id='word_1_137' title='bbox 862 2987 947 3053; x_wconf 64' lang='lat' dir='ltr'>Per.t</span> 
     </span>
    </p>
   </div>
   <div class='ocr_carea' id='block_1_10' title="bbox 638 3136 833 3221">
    <p class='ocr_par' dir='ltr' id='par_1_13' title="bbox 638 3136 833 3221">
     <span class='ocr_line' id='line_1_24' title="bbox 638 3136 833 3221; baseline 0.01 -19"><span class='ocrx_word' id='word_1_138' title='bbox 638 3138 699 3202; x_wconf 87' lang='lat' dir='ltr'>Ad</span> <span class='ocrx_word' id='word_1_139' title='bbox 709 3136 833 3221; x_wconf 66' lang='lat' dir='ltr'>sonus.</span> 
     </span>
    </p>
   </div>
   <div class='ocr_carea' id='block_1_11' title="bbox 294 3264 1189 3548">
    <p class='ocr_par' dir='ltr' id='par_1_14' title="bbox 294 3264 1189 3548">
     <span class='ocr_line' id='line_1_25' title="bbox 335 3264 1188 3348; baseline 0 -17"><span class='ocrx_word' id='word_1_140' title='bbox 335 3264 394 3345; x_wconf 90' lang='lat' dir='ltr'>Sit,</span> <span class='ocrx_word' id='word_1_141' title='bbox 406 3283 597 3348; x_wconf 89' lang='lat' dir='ltr'>quesumus,</span> <span class='ocrx_word' id='word_1_142' title='bbox 613 3265 758 3340; x_wconf 89' lang='lat' dir='ltr'>domine,</span> <span class='ocrx_word' id='word_1_143' title='bbox 774 3264 892 3330; x_wconf 90' lang='lat' dir='ltr'>beatus</span> <span class='ocrx_word' id='word_1_144' title='bbox 907 3265 1067 3330; x_wconf 89' lang='lat' dir='ltr'>iohannes</span> <span class='ocrx_word' id='word_1_145' title='bbox 1087 3286 1188 3331; x_wconf 90' lang='lat' dir='ltr'>euan-</span> 
     </span>
     <span class='ocr_line' id='line_1_26' title="bbox 294 3363 1189 3449; baseline 0.002 -21"><span class='ocrx_word' id='word_1_146' title='bbox 294 3365 407 3448; x_wconf 85' lang='lat' dir='ltr'>gelista</span> <span class='ocrx_word' id='word_1_147' title='bbox 429 3374 552 3429; x_wconf 86' lang='lat' dir='ltr'>nostrae</span> <span class='ocrx_word' id='word_1_148' title='bbox 575 3363 762 3448; x_wconf 88' lang='lat' dir='ltr'>fragilitatis</span> <span class='ocrx_word' id='word_1_149' title='bbox 788 3365 928 3446; x_wconf 90' lang='lat' dir='ltr'>adiutor,</span> <span class='ocrx_word' id='word_1_150' title='bbox 951 3375 988 3430; x_wconf 92' lang='lat' dir='ltr'>ut</span> <span class='ocrx_word' id='word_1_151' title='bbox 1009 3385 1070 3449; x_wconf 89' lang='lat' dir='ltr'>pro</span> <span class='ocrx_word' id='word_1_152' title='bbox 1095 3367 1189 3431; x_wconf 89' lang='lat' dir='ltr'>nobis</span> 
     </span>
     <span class='ocr_line' id='line_1_27' title="bbox 295 3463 1047 3548; baseline 0.003 -20"><span class='ocrx_word' id='word_1_153' title='bbox 295 3465 350 3528; x_wconf 88' lang='lat' dir='ltr'>tibi</span> <span class='ocrx_word' id='word_1_154' title='bbox 366 3463 554 3548; x_wconf 90' lang='lat' dir='ltr'>supplicans</span> <span class='ocrx_word' id='word_1_155' title='bbox 571 3463 736 3546; x_wconf 91' lang='lat' dir='ltr'>copiosius</span> <span class='ocrx_word' id='word_1_156' title='bbox 750 3465 914 3529; x_wconf 91' lang='lat' dir='ltr'>audiatur.</span> <span class='ocrx_word' id='word_1_157' title='bbox 960 3465 1047 3531; x_wconf 71' lang='lat' dir='ltr'>Per.⁷</span> 
     </span>
    </p>
   </div>
   <div class='ocr_carea' id='block_1_12' title="bbox 528 3612 943 3680">
    <p class='ocr_par' dir='ltr' id='par_1_15' title="bbox 528 3612 943 3680">
     <span class='ocr_line' id='line_1_28' title="bbox 528 3612 943 3680; baseline 0.01 -4"><span class='ocrx_word' id='word_1_158' title='bbox 528 3612 590 3677; x_wconf 86' lang='lat' dir='ltr'>Ad</span> <span class='ocrx_word' id='word_1_159' title='bbox 606 3623 753 3679; x_wconf 69' lang='lat' dir='ltr'>sancum</span> <span class='ocrx_word' id='word_1_160' title='bbox 774 3614 943 3680; x_wconf 80' lang='lat' dir='ltr'>andream.</span> 
     </span>
    </p>
   </div>
   <div class='ocr_carea' id='block_1_13' title="bbox 296 3739 1191 4019">
    <p class='ocr_par' dir='ltr' id='par_1_16' title="bbox 296 3739 1191 4019">
     <span class='ocr_line' id='line_1_29' title="bbox 337 3739 1191 3827; baseline 0.004 -23"><span class='ocrx_word' id='word_1_161' title='bbox 337 3740 430 3805; x_wconf 90' lang='lat' dir='ltr'>Beati</span> <span class='ocrx_word' id='word_1_162' title='bbox 452 3739 658 3822; x_wconf 76' lang='lat' dir='ltr'>euangeliste</span> <span class='ocrx_word' id='word_1_163' title='bbox 687 3739 847 3819; x_wconf 90' lang='lat' dir='ltr'>iohannis,</span> <span class='ocrx_word' id='word_1_164' title='bbox 870 3743 1013 3820; x_wconf 87' lang='lat' dir='ltr'>domine,</span> <span class='ocrx_word' id='word_1_165' title='bbox 1038 3745 1191 3827; x_wconf 89' lang='lat' dir='ltr'>precibus</span> 
     </span>
     <span class='ocr_line' id='line_1_30' title="bbox 298 3839 1191 3928; baseline 0.007 -26"><span class='ocrx_word' id='word_1_166' title='bbox 298 3841 493 3915; x_wconf 90' lang='lat' dir='ltr'>adiuuemur,</span> <span class='ocrx_word' id='word_1_167' title='bbox 516 3849 549 3904; x_wconf 91' lang='lat' dir='ltr'>et</span> <span class='ocrx_word' id='word_1_168' title='bbox 572 3839 662 3920; x_wconf 92' lang='lat' dir='ltr'>quod</span> <span class='ocrx_word' id='word_1_169' title='bbox 683 3840 884 3922; x_wconf 90' lang='lat' dir='ltr'>possibilitas</span> <span class='ocrx_word' id='word_1_170' title='bbox 907 3852 1019 3908; x_wconf 91' lang='lat' dir='ltr'>nostra</span> <span class='ocrx_word' id='word_1_171' title='bbox 1042 3864 1108 3907; x_wconf 93' lang='lat' dir='ltr'>non</span> <span class='ocrx_word' id='word_1_172' title='bbox 1132 3865 1191 3928; x_wconf 92' lang='lat' dir='ltr'>op-</span> 
     </span>
     <span class='ocr_line' id='line_1_31' title="bbox 296 3938 1127 4019; baseline 0.006 -17"><span class='ocrx_word' id='word_1_173' title='bbox 296 3939 382 4019; x_wconf 87' lang='lat' dir='ltr'>tinet,</span> <span class='ocrx_word' id='word_1_174' title='bbox 400 3938 470 4003; x_wconf 91' lang='lat' dir='ltr'>eius</span> <span class='ocrx_word' id='word_1_175' title='bbox 486 3939 580 4002; x_wconf 92' lang='lat' dir='ltr'>nobis</span> <span class='ocrx_word' id='word_1_176' title='bbox 595 3938 829 4005; x_wconf 90' lang='lat' dir='ltr'>intercessione</span> <span class='ocrx_word' id='word_1_177' title='bbox 844 3943 995 4007; x_wconf 92' lang='lat' dir='ltr'>donetur.</span> <span class='ocrx_word' id='word_1_178' title='bbox 1041 3943 1127 4007; x_wconf 75' lang='grc' dir='ltr'>Ρετ.γ</span> 
     </span>
    </p>
   </div>
   <div class='ocr_carea' id='block_1_14' title="bbox 695 4088 786 4154">
    <p class='ocr_par' dir='ltr' id='par_1_17' title="bbox 695 4088 786 4154">
     <span class='ocr_line' id='line_1_32' title="bbox 695 4088 786 4154; baseline 0.022 -2"><span class='ocrx_word' id='word_1_179' title='bbox 695 4088 786 4154; x_wconf 84' lang='lat' dir='ltr'>Alia.</span> 
     </span>
    </p>
   </div>
   <div class='ocr_carea' id='block_1_15' title="bbox 298 4213 1194 4697">
    <p class='ocr_par' dir='ltr' id='par_1_18' title="bbox 298 4213 1194 4697">
     <span class='ocr_line' id='line_1_33' title="bbox 339 4213 1193 4299; baseline 0.008 -21"><span class='ocrx_word' id='word_1_180' title='bbox 339 4213 440 4292; x_wconf 90' lang='lat' dir='ltr'>Deus,</span> <span class='ocrx_word' id='word_1_181' title='bbox 462 4215 529 4298; x_wconf 89' lang='lat' dir='ltr'>qui,</span> <span class='ocrx_word' id='word_1_182' title='bbox 544 4234 604 4297; x_wconf 92' lang='lat' dir='ltr'>per</span> <span class='ocrx_word' id='word_1_183' title='bbox 625 4234 664 4278; x_wconf 89' lang='lat' dir='ltr'>os</span> <span class='ocrx_word' id='word_1_184' title='bbox 685 4214 775 4279; x_wconf 90' lang='lat' dir='ltr'>beati</span> <span class='ocrx_word' id='word_1_185' title='bbox 796 4217 939 4298; x_wconf 92' lang='lat' dir='ltr'>apostoli</span> <span class='ocrx_word' id='word_1_186' title='bbox 963 4219 1012 4282; x_wconf 92' lang='lat' dir='ltr'>tui</span> <span class='ocrx_word' id='word_1_187' title='bbox 1033 4219 1193 4299; x_wconf 90' lang='lat' dir='ltr'>iohannis,</span> 
     </span>
     <span class='ocr_line' id='line_1_34' title="bbox 300 4315 1192 4405; baseline -0.001 -27"><span class='ocrx_word' id='word_1_188' title='bbox 300 4317 386 4379; x_wconf 90' lang='lat' dir='ltr'>uerbi</span> <span class='ocrx_word' id='word_1_189' title='bbox 408 4316 456 4380; x_wconf 90' lang='lat' dir='ltr'>tui</span> <span class='ocrx_word' id='word_1_190' title='bbox 480 4315 740 4382; x_wconf 84' lang='lat' dir='ltr'>nobisarchana</span> <span class='ocrx_word' id='word_1_191' title='bbox 763 4317 933 4382; x_wconf 89' lang='lat' dir='ltr'>reserasti:</span> <span class='ocrx_word' id='word_1_192' title='bbox 960 4329 1091 4402; x_wconf 84' lang='lat' dir='ltr'>praesta,</span> <span class='ocrx_word' id='word_1_193' title='bbox 1112 4343 1192 4405; x_wconf 86' lang='lat' dir='ltr'>que.</span> 
     </span>
     <span class='ocr_line' id='line_1_35' title="bbox 299 4414 1194 4497; baseline 0.009 -19"><span class='ocrx_word' id='word_1_194' title='bbox 299 4435 414 4494; x_wconf 91' lang='lat' dir='ltr'>sumus,</span> <span class='ocrx_word' id='word_1_195' title='bbox 437 4425 475 4480; x_wconf 94' lang='lat' dir='ltr'>ut</span> <span class='ocrx_word' id='word_1_196' title='bbox 501 4416 592 4497; x_wconf 91' lang='lat' dir='ltr'>quod</span> <span class='ocrx_word' id='word_1_197' title='bbox 616 4414 672 4479; x_wconf 89' lang='lat' dir='ltr'>ille</span> <span class='ocrx_word' id='word_1_198' title='bbox 695 4417 816 4482; x_wconf 84' lang='lat' dir='ltr'>nostris</span> <span class='ocrx_word' id='word_1_199' title='bbox 838 4416 970 4481; x_wconf 88' lang='lat' dir='ltr'>auribus</span> <span class='ocrx_word' id='word_1_200' title='bbox 994 4420 1194 4486; x_wconf 88' lang='lat' dir='ltr'>excellenter</span> 
     </span>
     <span class='ocr_line' id='line_1_36' title="bbox 300 4514 1194 4600; baseline 0.012 -23"><span class='ocrx_word' id='word_1_201' title='bbox 300 4515 421 4596; x_wconf 90' lang='lat' dir='ltr'>inludit,</span> <span class='ocrx_word' id='word_1_202' title='bbox 444 4514 674 4598; x_wconf 80' lang='lat' dir='ltr'>intelligentiae</span> <span class='ocrx_word' id='word_1_203' title='bbox 698 4517 918 4600; x_wconf 91' lang='lat' dir='ltr'>competentis</span> <span class='ocrx_word' id='word_1_204' title='bbox 939 4519 1123 4586; x_wconf 90' lang='lat' dir='ltr'>eruditione</span> <span class='ocrx_word' id='word_1_205' title='bbox 1140 4542 1194 4587; x_wconf 85' lang='lat' dir='ltr'>ca·</span> 
     </span>
     <span class='ocr_line' id='line_1_37' title="bbox 298 4611 923 4697; baseline 0.003 -17"><span class='ocrx_word' id='word_1_206' title='bbox 298 4615 432 4697; x_wconf 79' lang='lat' dir='ltr'>piamun.</span> <span class='ocrx_word' id='word_1_207' title='bbox 476 4615 562 4681; x_wconf 72' lang='lat' dir='ltr'>Pers</span> <span class='ocrx_word' id='word_1_208' title='bbox 919 4611 923 4620; x_wconf 83' lang='grc'><strong>’</strong></span> 
     </span>
    </p>
   </div>
   <div class='ocr_carea' id='block_1_16' title="bbox 224 4866 1195 5080">
    <p class='ocr_par' dir='ltr' id='par_1_19' title="bbox 224 4866 1195 5080">
     <span class='ocr_line' id='line_1_38' title="bbox 364 4866 1132 4938; baseline 0.005 -4"><span class='ocrx_word' id='word_1_209' title='bbox 364 4866 411 4934; x_wconf 62' lang='lat' dir='ltr'>ffl.</span> <span class='ocrx_word' id='word_1_210' title='bbox 430 4867 490 4933; x_wconf 73' lang='lat' dir='ltr'>ital.</span> <span class='ocrx_word' id='word_1_211' title='bbox 511 4868 570 4932; x_wconf 81' lang='lat' dir='ltr'>ian.</span> <span class='ocrx_word' id='word_1_212' title='bbox 590 4866 704 4933; x_wconf 72' lang='lat' dir='ltr'>Natclt</span> <span class='ocrx_word' id='word_1_213' title='bbox 724 4873 892 4933; x_wconf 75' lang='lat' dir='ltr'>sanctornm</span> <span class='ocrx_word' id='word_1_214' title='bbox 911 4870 1103 4936; x_wconf 69' lang='lat' dir='ltr'>innocentium</span> <span class='ocrx_word' id='word_1_215' title='bbox 1111 4875 1132 4938; x_wconf 87' lang='lat'>¹.</span> 
     </span>
     <span class='ocr_line' id='line_1_39' title="bbox 224 4999 1195 5080; baseline 0.009 -17"><span class='ocrx_word' id='word_1_216' title='bbox 224 5029 230 5042; x_wconf 92' lang='lat'><em>·</em></span> <span class='ocrx_word' id='word_1_217' title='bbox 341 4999 455 5080; x_wconf 71' lang='lat' dir='ltr'>Deus</span> <span class='ocrx_word' id='word_1_218' title='bbox 470 5014 583 5067; x_wconf 88' lang='lat' dir='ltr'>cu1us</span> <span class='ocrx_word' id='word_1_219' title='bbox 599 5014 800 5066; x_wconf 76' lang='lat' dir='ltr'>nummum</span> <span class='ocrx_word' id='word_1_220' title='bbox 815 5016 881 5067; x_wconf 81' lang='lat' dir='ltr'>mn</span> <span class='ocrx_word' id='word_1_221' title='bbox 904 5017 1123 5073; x_wconf 77' lang='lat' dir='ltr'>snacomun</span> <span class='ocrx_word' id='word_1_222' title='bbox 1146 5008 1195 5072; x_wconf 88' lang='lat' dir='ltr'>in-</span> 
     </span>
    </p>
   </div>
   <div class='ocr_carea' id='block_1_17' title="bbox 331 5190 1195 5716">
    <p class='ocr_par' dir='ltr' id='par_1_20' title="bbox 333 5190 494 5258">
     <span class='ocr_line' id='line_1_40' title="bbox 333 5190 494 5258; baseline 0 -16"><span class='ocrx_word' id='word_1_223' title='bbox 333 5190 387 5243; x_wconf 89' lang='lat'>¹0.</span> <span class='ocrx_word' id='word_1_224' title='bbox 399 5208 424 5258; x_wconf 88' lang='lat' dir='ltr'>p.</span> <span class='ocrx_word' id='word_1_225' title='bbox 437 5192 494 5256; x_wconf 80' lang='lat'>3⁶³·</span> 
     </span>
    </p>

    <p class='ocr_par' dir='ltr' id='par_1_21' title="bbox 331 5270 1068 5327">
     <span class='ocr_line' id='line_1_41' title="bbox 331 5270 1068 5327; baseline 0.008 -6"><span class='ocrx_word' id='word_1_226' title='bbox 331 5270 380 5323; x_wconf 80' lang='grc' dir='ltr'>Ἀ.</span> <span class='ocrx_word' id='word_1_227' title='bbox 391 5274 430 5323; x_wconf 85' lang='lat' dir='ltr'>Ex</span> <span class='ocrx_word' id='word_1_228' title='bbox 441 5287 485 5323; x_wconf 87' lang='lat' dir='ltr'>ore</span> <span class='ocrx_word' id='word_1_229' title='bbox 495 5271 634 5322; x_wconf 76' lang='lat' dir='ltr'>infantium.</span> <span class='ocrx_word' id='word_1_230' title='bbox 814 5284 858 5323; x_wconf 67' lang='grc' dir='ltr'>οι.</span> <span class='ocrx_word' id='word_1_231' title='bbox 872 5273 1068 5327; x_wconf 72' lang='lat' dir='ltr'>Animcnostra.</span> 
     </span>
    </p>

    <p class='ocr_par' dir='ltr' id='par_1_22' title="bbox 345 5350 1053 5408">
     <span class='ocr_line' id='line_1_42' title="bbox 345 5350 1053 5408; baseline 0.004 -5"><span class='ocrx_word' id='word_1_232' title='bbox 345 5362 380 5403; x_wconf 69' lang='lat' dir='ltr'>rs.</span> <span class='ocrx_word' id='word_1_233' title='bbox 387 5350 719 5408; x_wconf 70' lang='lat' dir='ltr'>Dominedominusnoster.</span> <span class='ocrx_word' id='word_1_234' title='bbox 813 5363 857 5402; x_wconf 75' lang='lat'>00.</span> <span class='ocrx_word' id='word_1_235' title='bbox 869 5351 927 5402; x_wconf 82' lang='lat' dir='ltr'>on</span> <span class='ocrx_word' id='word_1_236' title='bbox 938 5353 964 5403; x_wconf 90' lang='lat' dir='ltr'>in</span> <span class='ocrx_word' id='word_1_237' title='bbox 975 5369 1053 5406; x_wconf 61' lang='lat' dir='ltr'>mma</span> 
     </span>
    </p>

    <p class='ocr_par' dir='ltr' id='par_1_23' title="bbox 345 5429 1195 5500">
     <span class='ocr_line' id='line_1_43' title="bbox 345 5429 1195 5500; baseline 0.008 -20"><span class='ocrx_word' id='word_1_238' title='bbox 345 5431 576 5480; x_wconf 73' lang='lat' dir='ltr'>nnnimnostra.</span> <span class='ocrx_word' id='word_1_239' title='bbox 815 5435 869 5494; x_wconf 69' lang='grc' dir='ltr'><strong>(ιιι.</strong></span> <span class='ocrx_word' id='word_1_240' title='bbox 890 5429 950 5481; x_wconf 89' lang='lat' dir='ltr'>Vidi</span> <span class='ocrx_word' id='word_1_241' title='bbox 983 5447 1058 5500; x_wconf 78' lang='lat' dir='ltr'>snpra</span> <span class='ocrx_word' id='word_1_242' title='bbox 1085 5443 1195 5487; x_wconf 85' lang='lat' dir='ltr'>montem</span> 
     </span>
    </p>

    <p class='ocr_par' dir='ltr' id='par_1_24' title="bbox 344 5508 633 5574">
     <span class='ocr_line' id='line_1_44' title="bbox 344 5508 633 5574; baseline 0.01 -18"><span class='ocrx_word' id='word_1_243' title='bbox 344 5519 369 5558; x_wconf 85' lang='lat' dir='ltr'>v.</span> <span class='ocrx_word' id='word_1_244' title='bbox 380 5508 495 5574; x_wconf 71' lang='lat' dir='ltr'>laqueus</span> <span class='ocrx_word' id='word_1_245' title='bbox 505 5508 633 5560; x_wconf 84' lang='lat' dir='ltr'>contritus.</span> 
     </span>
    </p>

    <p class='ocr_par' dir='ltr' id='par_1_25' title="bbox 344 5586 693 5716">
     <span class='ocr_line' id='line_1_45' title="bbox 344 5586 693 5639; baseline 0.009 -3"><span class='ocrx_word' id='word_1_246' title='bbox 344 5597 384 5636; x_wconf 75' lang='grc' dir='ltr'>Αι,</span> <span class='ocrx_word' id='word_1_247' title='bbox 398 5587 430 5636; x_wconf 78' lang='lat' dir='ltr'>Si</span> <span class='ocrx_word' id='word_1_248' title='bbox 439 5586 564 5636; x_wconf 63' lang='lat' dir='ltr'>aminea</span> <span class='ocrx_word' id='word_1_249' title='bbox 575 5589 693 5639; x_wconf 69' lang='lat' dir='ltr'>merent.</span> 
     </span>
     <span class='ocr_line' id='line_1_46' title="bbox 384 5663 589 5716; baseline 0.01 -2"><span class='ocrx_word' id='word_1_250' title='bbox 384 5663 511 5715; x_wconf 78' lang='lat' dir='ltr'>Mirabilis</span> <span class='ocrx_word' id='word_1_251' title='bbox 522 5663 589 5716; x_wconf 85' lang='lat' dir='ltr'>deus.</span> 
     </span>
    </p>
   </div>
   <div class='ocr_carea' id='block_1_18' title="bbox 813 5525 1195 5733">
    <p class='ocr_par' dir='ltr' id='par_1_26' title="bbox 813 5525 1195 5733">
     <span class='ocr_line' id='line_1_47' title="bbox 813 5525 1195 5733; baseline 0.021 -98"><span class='ocrx_word' id='word_1_252' title='bbox 813 5598 858 5640; x_wconf 75' lang='lat' dir='ltr'>zv,</span> <span class='ocrx_word' id='word_1_253' title='bbox 876 5525 990 5733; x_wconf 43' lang='lat' dir='ltr'>:illilus</span> <span class='ocrx_word' id='word_1_254' title='bbox 1005 5589 1101 5642; x_wconf 85' lang='lat' dir='ltr'>domini</span> <span class='ocrx_word' id='word_1_255' title='bbox 1118 5608 1195 5659; x_wconf 78' lang='lat' dir='ltr'>appa·</span> 
     </span>
     <span class='ocr_line' id='line_1_48' title="bbox 900 5665 970 5718; baseline 0.029 -2"><span class='ocrx_word' id='word_1_256' title='bbox 900 5665 950 5716; x_wconf 88' lang='lat' dir='ltr'>ruit</span> <span class='ocrx_word' id='word_1_257' title='bbox 964 5705 970 5718; x_wconf 95' lang='lat'>.</span> 
     </span>
    </p>
   </div>
   <div class='ocr_carea' id='block_1_19' title="bbox 1227 1024 2133 1195">
    <p class='ocr_par' dir='ltr' id='par_1_27' title="bbox 1227 1024 2133 1195">
     <span class='ocr_line' id='line_1_49' title="bbox 1227 1024 2133 1111; baseline -0.008 -18"><span class='ocrx_word' id='word_1_258' title='bbox 1227 1028 1327 1106; x_wconf 89' lang='lat' dir='ltr'>tifica,</span> <span class='ocrx_word' id='word_1_259' title='bbox 1340 1038 1376 1093; x_wconf 92' lang='lat' dir='ltr'>ut</span> <span class='ocrx_word' id='word_1_260' title='bbox 1387 1028 1489 1093; x_wconf 90' lang='lat' dir='ltr'>fidem</span> <span class='ocrx_word' id='word_1_261' title='bbox 1504 1037 1598 1093; x_wconf 89' lang='lat' dir='ltr'>tuam</span> <span class='ocrx_word' id='word_1_262' title='bbox 1614 1047 1715 1110; x_wconf 89' lang='lat' dir='ltr'>quam</span> <span class='ocrx_word' id='word_1_263' title='bbox 1730 1025 1843 1111; x_wconf 89' lang='lat' dir='ltr'>lingua</span> <span class='ocrx_word' id='word_1_264' title='bbox 1857 1034 1970 1090; x_wconf 88' lang='lat' dir='ltr'>nostra</span> <span class='ocrx_word' id='word_1_265' title='bbox 1986 1024 2133 1108; x_wconf 89' lang='lat' dir='ltr'>loquitur</span> 
     </span>
     <span class='ocr_line' id='line_1_50' title="bbox 1228 1126 1874 1195; baseline -0.005 -3"><span class='ocrx_word' id='word_1_266' title='bbox 1228 1130 1331 1195; x_wconf 86' lang='lat' dir='ltr'>etiarn</span> <span class='ocrx_word' id='word_1_267' title='bbox 1346 1128 1492 1192; x_wconf 90' lang='lat' dir='ltr'>moribus</span> <span class='ocrx_word' id='word_1_268' title='bbox 1506 1128 1576 1193; x_wconf 90' lang='lat' dir='ltr'>uita</span> <span class='ocrx_word' id='word_1_269' title='bbox 1591 1126 1742 1191; x_wconf 84' lang='lat' dir='ltr'>fateatur.</span> <span class='ocrx_word' id='word_1_270' title='bbox 1787 1126 1874 1191; x_wconf 62' lang='lat' dir='ltr'>Per.⁷</span> 
     </span>
    </p>
   </div>
   <div class='ocr_carea' id='block_1_20' title="bbox 1559 1275 1804 1358">
    <p class='ocr_par' dir='ltr' id='par_1_28' title="bbox 1559 1275 1804 1358">
     <span class='ocr_line' id='line_1_51' title="bbox 1559 1275 1804 1358; baseline 0 -18"><span class='ocrx_word' id='word_1_271' title='bbox 1559 1275 1667 1358; x_wconf 76' lang='lat' dir='ltr'>Super</span> <span class='ocrx_word' id='word_1_272' title='bbox 1688 1275 1804 1341; x_wconf 74' lang='lat' dir='ltr'>onata.</span> 
     </span>
    </p>
   </div>
   <div class='ocr_carea' id='block_1_21' title="bbox 1231 1405 2133 1688">
    <p class='ocr_par' dir='ltr' id='par_1_29' title="bbox 1231 1405 2133 1688">
     <span class='ocr_line' id='line_1_52' title="bbox 1275 1405 2133 1490; baseline -0.003 -19"><span class='ocrx_word' id='word_1_273' title='bbox 1275 1405 1473 1472; x_wconf 90' lang='lat' dir='ltr'>Sanctorum</span> <span class='ocrx_word' id='word_1_274' title='bbox 1485 1414 1619 1470; x_wconf 91' lang='lat' dir='ltr'>tuorum</span> <span class='ocrx_word' id='word_1_275' title='bbox 1632 1405 1736 1482; x_wconf 91' lang='lat' dir='ltr'>nobis,</span> <span class='ocrx_word' id='word_1_276' title='bbox 1750 1405 1893 1478; x_wconf 88' lang='lat' dir='ltr'>domine,</span> <span class='ocrx_word' id='word_1_277' title='bbox 1903 1405 1959 1490; x_wconf 94' lang='lat' dir='ltr'>pia</span> <span class='ocrx_word' id='word_1_278' title='bbox 1972 1425 2037 1468; x_wconf 93' lang='lat' dir='ltr'>non</span> <span class='ocrx_word' id='word_1_279' title='bbox 2047 1405 2133 1468; x_wconf 89' lang='lat' dir='ltr'>desit</span> 
     </span>
     <span class='ocr_line' id='line_1_53' title="bbox 1231 1504 2133 1588; baseline -0.002 -18"><span class='ocrx_word' id='word_1_280' title='bbox 1231 1505 1346 1582; x_wconf 89' lang='lat' dir='ltr'>oratio,</span> <span class='ocrx_word' id='word_1_281' title='bbox 1362 1525 1439 1588; x_wconf 86' lang='lat' dir='ltr'>quae</span> <span class='ocrx_word' id='word_1_282' title='bbox 1461 1514 1496 1569; x_wconf 95' lang='lat' dir='ltr'>et</span> <span class='ocrx_word' id='word_1_283' title='bbox 1519 1525 1656 1569; x_wconf 90' lang='lat' dir='ltr'>munera</span> <span class='ocrx_word' id='word_1_284' title='bbox 1678 1513 1791 1570; x_wconf 88' lang='lat' dir='ltr'>nostra</span> <span class='ocrx_word' id='word_1_285' title='bbox 1806 1504 1967 1585; x_wconf 91' lang='lat' dir='ltr'>conciliat,</span> <span class='ocrx_word' id='word_1_286' title='bbox 1983 1514 2018 1569; x_wconf 92' lang='lat' dir='ltr'>et</span> <span class='ocrx_word' id='word_1_287' title='bbox 2040 1514 2133 1569; x_wconf 91' lang='lat' dir='ltr'>tuam</span> 
     </span>
     <span class='ocr_line' id='line_1_54' title="bbox 1231 1603 2035 1688; baseline -0.002 -18"><span class='ocrx_word' id='word_1_288' title='bbox 1231 1605 1326 1670; x_wconf 94' lang='lat' dir='ltr'>nobis</span> <span class='ocrx_word' id='word_1_289' title='bbox 1341 1603 1583 1688; x_wconf 85' lang='lat' dir='ltr'>indulgentiam</span> <span class='ocrx_word' id='word_1_290' title='bbox 1599 1624 1730 1687; x_wconf 87' lang='lat' dir='ltr'>semper</span> <span class='ocrx_word' id='word_1_291' title='bbox 1744 1605 1903 1688; x_wconf 89' lang='lat' dir='ltr'>optineat.</span> <span class='ocrx_word' id='word_1_292' title='bbox 1949 1605 2035 1671; x_wconf 59' lang='lat' dir='ltr'>Per!</span> 
     </span>
    </p>
   </div>
   <div class='ocr_carea' id='block_1_22' title="bbox 1595 1739 1768 1824">
    <p class='ocr_par' dir='ltr' id='par_1_30' title="bbox 1595 1739 1768 1824">
     <span class='ocr_line' id='line_1_55' title="bbox 1595 1739 1768 1824; baseline 0.017 -20"><span class='ocrx_word' id='word_1_293' title='bbox 1595 1739 1768 1824; x_wconf 83' lang='lat' dir='ltr'>Proefatio.</span> 
     </span>
    </p>
   </div>
   <div class='ocr_carea' id='block_1_23' title="bbox 1234 1857 2137 2052">
    <p class='ocr_par' dir='ltr' id='par_1_31' title="bbox 1234 1857 2137 2052">
     <span class='ocr_line' id='line_1_56' title="bbox 1277 1857 2136 1951; baseline -0.001 -19"><span class='ocrx_word' id='word_1_294' title='bbox 1277 1865 1323 1932; x_wconf 90' lang='lat' dir='ltr'>U.</span> <span class='ocrx_word' id='word_1_295' title='bbox 1341 1866 1382 1930; x_wconf 94' lang='lat' dir='ltr'>D.</span> <span class='ocrx_word' id='word_1_296' title='bbox 1399 1875 1523 1931; x_wconf 85' lang='lat' dir='ltr'>aeterne</span> <span class='ocrx_word' id='word_1_297' title='bbox 1541 1867 1633 1930; x_wconf 89' lang='lat' dir='ltr'>deus.</span> <span class='ocrx_word' id='word_1_298' title='bbox 1681 1867 1728 1933; x_wconf 92' lang='lat' dir='ltr'>Et</span> <span class='ocrx_word' id='word_1_299' title='bbox 1750 1857 1953 1951; x_wconf 72' lang='lat' dir='ltr'>impreciosis</span> <span class='ocrx_word' id='word_1_300' title='bbox 1975 1867 2136 1933; x_wconf 91' lang='lat' dir='ltr'>mortibus</span> 
     </span>
     <span class='ocr_line' id='line_1_57' title="bbox 1234 1966 2137 2052; baseline -0.002 -21"><span class='ocrx_word' id='word_1_301' title='bbox 1234 1966 1456 2052; x_wconf 86' lang='lat' dir='ltr'>paruulorum,</span> <span class='ocrx_word' id='word_1_302' title='bbox 1472 1986 1557 2050; x_wconf 91' lang='lat' dir='ltr'>quos</span> <span class='ocrx_word' id='word_1_303' title='bbox 1572 1975 1709 2051; x_wconf 89' lang='lat' dir='ltr'>propter</span> <span class='ocrx_word' id='word_1_304' title='bbox 1724 1967 1827 2032; x_wconf 87' lang='lat' dir='ltr'>nostri</span> <span class='ocrx_word' id='word_1_305' title='bbox 1844 1967 2016 2034; x_wconf 86' lang='lat' dir='ltr'>saluatoris</span> <span class='ocrx_word' id='word_1_306' title='bbox 2032 1967 2137 2032; x_wconf 86' lang='lat' dir='ltr'>infan-</span> 
     </span>
    </p>
   </div>
   <div class='ocr_carea' id='block_1_24' title="bbox 1233 2065 2135 2148">
    <p class='ocr_par' dir='ltr' id='par_1_32' title="bbox 1233 2065 2135 2148">
     <span class='ocr_line' id='line_1_58' title="bbox 1233 2065 2135 2148; baseline -0.002 -16"><span class='ocrx_word' id='word_1_307' title='bbox 1233 2068 1315 2132; x_wconf 90' lang='lat' dir='ltr'>tiam</span> <span class='ocrx_word' id='word_1_308' title='bbox 1345 2065 1477 2131; x_wconf 90' lang='lat' dir='ltr'>bestiali</span> <span class='ocrx_word' id='word_1_309' title='bbox 1507 2067 1626 2148; x_wconf 73' lang='lat' dir='ltr'>seuitia</span> <span class='ocrx_word' id='word_1_310' title='bbox 1656 2067 1796 2132; x_wconf 87' lang='lat' dir='ltr'>herodes</span> <span class='ocrx_word' id='word_1_311' title='bbox 1826 2067 1975 2132; x_wconf 90' lang='lat' dir='ltr'>funestus</span> <span class='ocrx_word' id='word_1_312' title='bbox 2004 2067 2135 2139; x_wconf 89' lang='lat' dir='ltr'>occidit,</span> 
     </span>
    </p>
   </div>
   <div class='ocr_carea' id='block_1_25' title="bbox 1165 2165 2135 2250">
    <p class='ocr_par' dir='ltr' id='par_1_33' title="bbox 1165 2165 2135 2250">
     <span class='ocr_line' id='line_1_59' title="bbox 1165 2165 2135 2250; baseline -0.001 -20"><span class='ocrx_word' id='word_1_313' title='bbox 1165 2191 1169 2200; x_wconf 69' lang='grc'><strong>’</strong></span> <span class='ocrx_word' id='word_1_314' title='bbox 1233 2167 1383 2230; x_wconf 92' lang='lat' dir='ltr'>inmensa</span> <span class='ocrx_word' id='word_1_315' title='bbox 1398 2165 1584 2230; x_wconf 77' lang='lat' dir='ltr'>clementiae</span> <span class='ocrx_word' id='word_1_316' title='bbox 1600 2173 1667 2231; x_wconf 84' lang='lat' dir='ltr'>tuae</span> <span class='ocrx_word' id='word_1_317' title='bbox 1683 2167 1771 2232; x_wconf 92' lang='lat' dir='ltr'>dona</span> <span class='ocrx_word' id='word_1_318' title='bbox 1787 2169 1969 2250; x_wconf 88' lang='lat' dir='ltr'>predicare.</span> <span class='ocrx_word' id='word_1_319' title='bbox 2008 2167 2048 2231; x_wconf 91' lang='lat' dir='ltr'>In</span> <span class='ocrx_word' id='word_1_320' title='bbox 2063 2168 2135 2249; x_wconf 91' lang='lat' dir='ltr'>qui-</span> 
     </span>
    </p>
   </div>
   <div class='ocr_carea' id='block_1_26' title="bbox 1232 2264 2141 3146">
    <p class='ocr_par' dir='ltr' id='par_1_34' title="bbox 1232 2264 2141 3146">
     <span class='ocr_line' id='line_1_60' title="bbox 1232 2264 2139 2350; baseline -0.001 -20"><span class='ocrx_word' id='word_1_321' title='bbox 1232 2265 1295 2330; x_wconf 92' lang='lat' dir='ltr'>bus</span> <span class='ocrx_word' id='word_1_322' title='bbox 1318 2264 1423 2348; x_wconf 85' lang='lat' dir='ltr'>fulget</span> <span class='ocrx_word' id='word_1_323' title='bbox 1448 2265 1520 2329; x_wconf 92' lang='lat' dir='ltr'>sola</span> <span class='ocrx_word' id='word_1_324' title='bbox 1542 2267 1649 2350; x_wconf 86' lang='lat' dir='ltr'>magis</span> <span class='ocrx_word' id='word_1_325' title='bbox 1671 2269 1777 2350; x_wconf 87' lang='lat' dir='ltr'>gratia</span> <span class='ocrx_word' id='word_1_326' title='bbox 1800 2287 1901 2350; x_wconf 92' lang='lat' dir='ltr'>quam</span> <span class='ocrx_word' id='word_1_327' title='bbox 1923 2267 2087 2341; x_wconf 89' lang='lat' dir='ltr'>uoluntas,</span> <span class='ocrx_word' id='word_1_328' title='bbox 2103 2277 2139 2330; x_wconf 93' lang='lat' dir='ltr'>et</span> 
     </span>
     <span class='ocr_line' id='line_1_61' title="bbox 1234 2364 2138 2450; baseline -0.001 -19"><span class='ocrx_word' id='word_1_329' title='bbox 1234 2364 1322 2431; x_wconf 91' lang='lat' dir='ltr'>clara</span> <span class='ocrx_word' id='word_1_330' title='bbox 1351 2374 1402 2429; x_wconf 89' lang='lat' dir='ltr'>est</span> <span class='ocrx_word' id='word_1_331' title='bbox 1437 2365 1528 2447; x_wconf 92' lang='lat' dir='ltr'>prius</span> <span class='ocrx_word' id='word_1_332' title='bbox 1557 2365 1719 2431; x_wconf 90' lang='lat' dir='ltr'>confessio</span> <span class='ocrx_word' id='word_1_333' title='bbox 1749 2386 1850 2449; x_wconf 92' lang='lat' dir='ltr'>quam</span> <span class='ocrx_word' id='word_1_334' title='bbox 1887 2365 2029 2450; x_wconf 87' lang='lat' dir='ltr'>loquela,</span> <span class='ocrx_word' id='word_1_335' title='bbox 2059 2375 2138 2430; x_wconf 92' lang='lat' dir='ltr'>ante</span> 
     </span>
     <span class='ocr_line' id='line_1_62' title="bbox 1234 2461 2139 2549; baseline 0.002 -22"><span class='ocrx_word' id='word_1_336' title='bbox 1234 2465 1345 2549; x_wconf 87' lang='lat' dir='ltr'>passio</span> <span class='ocrx_word' id='word_1_337' title='bbox 1362 2483 1462 2546; x_wconf 93' lang='lat' dir='ltr'>quam</span> <span class='ocrx_word' id='word_1_338' title='bbox 1479 2466 1628 2530; x_wconf 90' lang='lat' dir='ltr'>membra</span> <span class='ocrx_word' id='word_1_339' title='bbox 1644 2466 1764 2530; x_wconf 86' lang='lat' dir='ltr'>idonea</span> <span class='ocrx_word' id='word_1_340' title='bbox 1779 2465 1933 2548; x_wconf 91' lang='lat' dir='ltr'>passioni.</span> <span class='ocrx_word' id='word_1_341' title='bbox 1978 2461 2139 2530; x_wconf 89' lang='lat' dir='ltr'>Existunt</span> 
     </span>
     <span class='ocr_line' id='line_1_63' title="bbox 1235 2563 2139 2648; baseline -0.001 -20"><span class='ocrx_word' id='word_1_342' title='bbox 1235 2573 1339 2628; x_wconf 89' lang='lat' dir='ltr'>testes</span> <span class='ocrx_word' id='word_1_343' title='bbox 1354 2563 1467 2628; x_wconf 90' lang='lat' dir='ltr'>christi</span> <span class='ocrx_word' id='word_1_344' title='bbox 1482 2565 1538 2646; x_wconf 93' lang='lat' dir='ltr'>qui</span> <span class='ocrx_word' id='word_1_345' title='bbox 1556 2564 1626 2628; x_wconf 92' lang='lat' dir='ltr'>eius</span> <span class='ocrx_word' id='word_1_346' title='bbox 1647 2565 1795 2630; x_wconf 92' lang='lat' dir='ltr'>nondum</span> <span class='ocrx_word' id='word_1_347' title='bbox 1812 2565 1941 2630; x_wconf 92' lang='lat' dir='ltr'>fuerant</span> <span class='ocrx_word' id='word_1_348' title='bbox 1963 2565 2139 2648; x_wconf 86' lang='lat' dir='ltr'>agnitores.</span> 
     </span>
     <span class='ocr_line' id='line_1_64' title="bbox 1238 2660 2139 2747; baseline 0.001 -20"><span class='ocrx_word' id='word_1_349' title='bbox 1238 2662 1269 2727; x_wconf 94' lang='lat' dir='ltr'>O</span> <span class='ocrx_word' id='word_1_350' title='bbox 1286 2662 1414 2729; x_wconf 89' lang='lat' dir='ltr'>infinita</span> <span class='ocrx_word' id='word_1_351' title='bbox 1428 2660 1633 2747; x_wconf 78' lang='lat' dir='ltr'>benignitas!</span> <span class='ocrx_word' id='word_1_352' title='bbox 1665 2663 1697 2730; x_wconf 92' lang='grc' dir='ltr'>Ο</span> <span class='ocrx_word' id='word_1_353' title='bbox 1714 2664 1888 2730; x_wconf 87' lang='lat' dir='ltr'>ineffabilis</span> <span class='ocrx_word' id='word_1_354' title='bbox 1904 2665 2139 2729; x_wconf 75' lang='lat' dir='ltr'>misericordia!</span> 
     </span>
     <span class='ocr_line' id='line_1_65' title="bbox 1236 2761 2139 2847; baseline 0.001 -22"><span class='ocrx_word' id='word_1_355' title='bbox 1236 2783 1312 2845; x_wconf 88' lang='lat' dir='ltr'>quae</span> <span class='ocrx_word' id='word_1_356' title='bbox 1334 2761 1395 2845; x_wconf 88' lang='lat' dir='ltr'>pro</span> <span class='ocrx_word' id='word_1_357' title='bbox 1418 2784 1478 2827; x_wconf 92' lang='lat' dir='ltr'>suo</span> <span class='ocrx_word' id='word_1_358' title='bbox 1501 2764 1635 2828; x_wconf 92' lang='lat' dir='ltr'>nomine</span> <span class='ocrx_word' id='word_1_359' title='bbox 1655 2763 1827 2829; x_wconf 90' lang='lat' dir='ltr'>trucidatis</span> <span class='ocrx_word' id='word_1_360' title='bbox 1851 2765 2003 2830; x_wconf 89' lang='lat' dir='ltr'>meritum</span> <span class='ocrx_word' id='word_1_361' title='bbox 2025 2763 2139 2847; x_wconf 84' lang='lat' dir='ltr'>gloriae</span> 
     </span>
     <span class='ocr_line' id='line_1_66' title="bbox 1238 2862 2140 2948; baseline -0.001 -22"><span class='ocrx_word' id='word_1_362' title='bbox 1238 2862 1344 2944; x_wconf 89' lang='lat' dir='ltr'>perire</span> <span class='ocrx_word' id='word_1_363' title='bbox 1362 2882 1428 2926; x_wconf 92' lang='lat' dir='ltr'>non</span> <span class='ocrx_word' id='word_1_364' title='bbox 1443 2863 1576 2946; x_wconf 91' lang='lat' dir='ltr'>patitur,</span> <span class='ocrx_word' id='word_1_365' title='bbox 1591 2863 1650 2927; x_wconf 91' lang='lat' dir='ltr'>sed</span> <span class='ocrx_word' id='word_1_366' title='bbox 1666 2863 1798 2947; x_wconf 91' lang='lat' dir='ltr'>proprio</span> <span class='ocrx_word' id='word_1_367' title='bbox 1814 2883 1928 2928; x_wconf 88' lang='lat' dir='ltr'>cruore</span> <span class='ocrx_word' id='word_1_368' title='bbox 1949 2863 2087 2948; x_wconf 90' lang='lat' dir='ltr'>perfusis</span> <span class='ocrx_word' id='word_1_369' title='bbox 2105 2872 2140 2926; x_wconf 91' lang='lat' dir='ltr'>et</span> 
     </span>
     <span class='ocr_line' id='line_1_67' title="bbox 1239 2961 2141 3047; baseline 0 -22"><span class='ocrx_word' id='word_1_370' title='bbox 1239 2961 1328 3026; x_wconf 90' lang='lat' dir='ltr'>salus</span> <span class='ocrx_word' id='word_1_371' title='bbox 1337 2963 1594 3046; x_wconf 85' lang='lat' dir='ltr'>regenerationis</span> <span class='ocrx_word' id='word_1_372' title='bbox 1603 2963 1780 3027; x_wconf 91' lang='lat' dir='ltr'>adhibetur</span> <span class='ocrx_word' id='word_1_373' title='bbox 1789 2972 1823 3027; x_wconf 90' lang='lat' dir='ltr'>et</span> <span class='ocrx_word' id='word_1_374' title='bbox 1833 2963 2141 3047; x_wconf 89' lang='lat' dir='ltr'>imputaturcorona</span> 
     </span>
     <span class='ocr_line' id='line_1_68' title="bbox 1240 3061 1844 3146; baseline 0.007 -22"><span class='ocrx_word' id='word_1_375' title='bbox 1240 3063 1398 3145; x_wconf 86' lang='lat' dir='ltr'>martyrii.</span> <span class='ocrx_word' id='word_1_376' title='bbox 1443 3062 1490 3128; x_wconf 89' lang='lat' dir='ltr'>Et</span> <span class='ocrx_word' id='word_1_377' title='bbox 1504 3062 1581 3128; x_wconf 90' lang='lat' dir='ltr'>ideo</span> <span class='ocrx_word' id='word_1_378' title='bbox 1595 3083 1672 3129; x_wconf 88' lang='lat' dir='ltr'>curn</span> <span class='ocrx_word' id='word_1_379' title='bbox 1687 3063 1813 3146; x_wconf 85' lang='lat' dir='ltr'>angelis</span> <span class='ocrx_word' id='word_1_380' title='bbox 1823 3061 1844 3128; x_wconf 85' lang='lat'>¹.</span> 
     </span>
    </p>
   </div>
   <div class='ocr_carea' id='block_1_27' title="bbox 1540 3209 1845 3294">
    <p class='ocr_par' dir='ltr' id='par_1_35' title="bbox 1540 3209 1845 3294">
     <span class='ocr_line' id='line_1_69' title="bbox 1540 3209 1845 3294; baseline 0 -18"><span class='ocrx_word' id='word_1_381' title='bbox 1540 3210 1602 3276; x_wconf 80' lang='lat' dir='ltr'>Ad</span> <span class='ocrx_word' id='word_1_382' title='bbox 1619 3209 1845 3294; x_wconf 77' lang='lat' dir='ltr'>complendum.</span> 
     </span>
    </p>
   </div>
   <div class='ocr_carea' id='block_1_28' title="bbox 1242 3336 2144 3619">
    <p class='ocr_par' dir='ltr' id='par_1_36' title="bbox 1242 3336 2144 3619">
     <span class='ocr_line' id='line_1_70' title="bbox 1283 3336 2144 3420; baseline -0.001 -19"><span class='ocrx_word' id='word_1_383' title='bbox 1283 3336 1418 3413; x_wconf 88' lang='lat' dir='ltr'>Votiua,</span> <span class='ocrx_word' id='word_1_384' title='bbox 1441 3338 1584 3415; x_wconf 89' lang='lat' dir='ltr'>domine,</span> <span class='ocrx_word' id='word_1_385' title='bbox 1607 3347 1685 3402; x_wconf 90' lang='lat' dir='ltr'>uota</span> <span class='ocrx_word' id='word_1_386' title='bbox 1712 3337 1928 3420; x_wconf 89' lang='lat' dir='ltr'>percepimus,</span> <span class='ocrx_word' id='word_1_387' title='bbox 1952 3355 2027 3418; x_wconf 85' lang='lat' dir='ltr'>quae</span> <span class='ocrx_word' id='word_1_388' title='bbox 2049 3355 2144 3400; x_wconf 92' lang='lat' dir='ltr'>sanc-</span> 
     </span>
     <span class='ocr_line' id='line_1_71' title="bbox 1242 3435 2143 3520; baseline -0.003 -18"><span class='ocrx_word' id='word_1_389' title='bbox 1242 3447 1353 3502; x_wconf 90' lang='lat' dir='ltr'>torum</span> <span class='ocrx_word' id='word_1_390' title='bbox 1375 3437 1472 3501; x_wconf 88' lang='lat' dir='ltr'>nobis</span> <span class='ocrx_word' id='word_1_391' title='bbox 1493 3437 1653 3520; x_wconf 89' lang='lat' dir='ltr'>precibus,</span> <span class='ocrx_word' id='word_1_392' title='bbox 1671 3445 1705 3500; x_wconf 90' lang='lat' dir='ltr'>et</span> <span class='ocrx_word' id='word_1_393' title='bbox 1728 3436 1888 3519; x_wconf 87' lang='lat' dir='ltr'>presentis</span> <span class='ocrx_word' id='word_1_394' title='bbox 1910 3435 1998 3511; x_wconf 82' lang='lat' dir='ltr'>uitae,</span> <span class='ocrx_word' id='word_1_395' title='bbox 2022 3456 2143 3518; x_wconf 90' lang='lat' dir='ltr'>quesu-</span> 
     </span>
     <span class='ocr_line' id='line_1_72' title="bbox 1242 3535 2143 3619; baseline -0.002 -20"><span class='ocrx_word' id='word_1_396' title='bbox 1242 3557 1324 3614; x_wconf 90' lang='lat' dir='ltr'>mus,</span> <span class='ocrx_word' id='word_1_397' title='bbox 1335 3538 1458 3619; x_wconf 85' lang='lat' dir='ltr'>pariter</span> <span class='ocrx_word' id='word_1_398' title='bbox 1469 3546 1502 3601; x_wconf 92' lang='lat' dir='ltr'>et</span> <span class='ocrx_word' id='word_1_399' title='bbox 1517 3545 1651 3601; x_wconf 85' lang='lat' dir='ltr'>aeternae</span> <span class='ocrx_word' id='word_1_400' title='bbox 1666 3536 1775 3618; x_wconf 75' lang='lat' dir='ltr'>tribue</span> <span class='ocrx_word' id='word_1_401' title='bbox 1789 3535 1936 3600; x_wconf 90' lang='lat' dir='ltr'>conferre</span> <span class='ocrx_word' id='word_1_402' title='bbox 1950 3535 2143 3600; x_wconf 91' lang='lat' dir='ltr'>subsidium.</span> 
     </span>
    </p>
   </div>
   <div class='ocr_carea' id='block_1_29' title="bbox 1244 3636 1788 3789">
    <p class='ocr_par' dir='ltr' id='par_1_37' title="bbox 1244 3636 1788 3789">
     <span class='ocr_line' id='line_1_73' title="bbox 1244 3636 1332 3701; baseline 0 -1"><span class='ocrx_word' id='word_1_403' title='bbox 1244 3636 1332 3701; x_wconf 54' lang='lat' dir='ltr'>Per?</span> 
     </span>
     <span class='ocr_line' id='line_1_74' title="bbox 1597 3722 1788 3789; baseline 0.005 -1"><span class='ocrx_word' id='word_1_404' title='bbox 1597 3722 1788 3789; x_wconf 68' lang='lat' dir='ltr'>Bemdicttb.</span> 
     </span>
    </p>
   </div>
   <div class='ocr_carea' id='block_1_30' title="bbox 1242 3846 2149 5226">
    <p class='ocr_par' dir='ltr' id='par_1_38' title="bbox 1242 3846 2147 4231">
     <span class='ocr_line' id='line_1_75' title="bbox 1288 3846 2147 3931; baseline -0.003 -18"><span class='ocrx_word' id='word_1_405' title='bbox 1288 3846 1511 3930; x_wconf 91' lang='lat' dir='ltr'>Omnipotens</span> <span class='ocrx_word' id='word_1_406' title='bbox 1533 3847 1624 3924; x_wconf 90' lang='lat' dir='ltr'>deus,</span> <span class='ocrx_word' id='word_1_407' title='bbox 1648 3867 1709 3931; x_wconf 88' lang='lat' dir='ltr'>pro</span> <span class='ocrx_word' id='word_1_408' title='bbox 1732 3847 1825 3914; x_wconf 88' lang='lat' dir='ltr'>cuius</span> <span class='ocrx_word' id='word_1_409' title='bbox 1847 3846 2005 3931; x_wconf 86' lang='lat' dir='ltr'>unigeniti</span> <span class='ocrx_word' id='word_1_410' title='bbox 2030 3867 2147 3911; x_wconf 87' lang='lat' dir='ltr'>uener-</span> 
     </span>
     <span class='ocr_line' id='line_1_76' title="bbox 1242 3947 2147 4012; baseline -0.001 0"><span class='ocrx_word' id='word_1_411' title='bbox 1242 3948 1332 4012; x_wconf 92' lang='lat' dir='ltr'>anda</span> <span class='ocrx_word' id='word_1_412' title='bbox 1369 3947 1508 4012; x_wconf 90' lang='lat' dir='ltr'>infantia</span> <span class='ocrx_word' id='word_1_413' title='bbox 1545 3947 1708 4012; x_wconf 91' lang='lat' dir='ltr'>infantum</span> <span class='ocrx_word' id='word_1_414' title='bbox 1745 3948 1959 4012; x_wconf 90' lang='lat' dir='ltr'>innocentum</span> <span class='ocrx_word' id='word_1_415' title='bbox 1997 3957 2147 4012; x_wconf 87' lang='lat' dir='ltr'>cateruas</span> 
     </span>
     <span class='ocr_line' id='line_1_77' title="bbox 1243 4045 2146 4130; baseline 0.001 -20"><span class='ocrx_word' id='word_1_416' title='bbox 1243 4047 1383 4112; x_wconf 87' lang='lat' dir='ltr'>herodes</span> <span class='ocrx_word' id='word_1_417' title='bbox 1402 4045 1523 4110; x_wconf 82' lang='lat' dir='ltr'>funesti</span> <span class='ocrx_word' id='word_1_418' title='bbox 1541 4048 1684 4130; x_wconf 91' lang='lat' dir='ltr'>peremit</span> <span class='ocrx_word' id='word_1_419' title='bbox 1701 4047 1829 4126; x_wconf 93' lang='lat' dir='ltr'>seuitia,</span> <span class='ocrx_word' id='word_1_420' title='bbox 1844 4066 1913 4111; x_wconf 87' lang='lat' dir='ltr'>suae</span> <span class='ocrx_word' id='word_1_421' title='bbox 1933 4047 2028 4111; x_wconf 91' lang='lat' dir='ltr'>uobis</span> <span class='ocrx_word' id='word_1_422' title='bbox 2046 4047 2146 4111; x_wconf 90' lang='lat' dir='ltr'>bene-</span> 
     </span>
     <span class='ocr_line' id='line_1_78' title="bbox 1244 4145 2019 4231; baseline -0.001 -20"><span class='ocrx_word' id='word_1_423' title='bbox 1244 4146 1397 4212; x_wconf 91' lang='lat' dir='ltr'>dictionis</span> <span class='ocrx_word' id='word_1_424' title='bbox 1411 4145 1536 4212; x_wconf 84' lang='lat' dir='ltr'>tribuat</span> <span class='ocrx_word' id='word_1_425' title='bbox 1551 4147 1640 4212; x_wconf 90' lang='lat' dir='ltr'>dona</span> <span class='ocrx_word' id='word_1_426' title='bbox 1654 4147 1851 4231; x_wconf 85' lang='lat' dir='ltr'>gratissima.</span> <span class='ocrx_word' id='word_1_427' title='bbox 1896 4145 2019 4210; x_wconf 90' lang='lat' dir='ltr'>Amen.</span> 
     </span>
    </p>

    <p class='ocr_par' dir='ltr' id='par_1_39' title="bbox 1246 4243 2148 4729">
     <span class='ocr_line' id='line_1_79' title="bbox 1290 4243 2147 4332; baseline -0.001 -23"><span class='ocrx_word' id='word_1_428' title='bbox 1290 4245 1336 4311; x_wconf 93' lang='lat' dir='ltr'>Et</span> <span class='ocrx_word' id='word_1_429' title='bbox 1358 4245 1415 4328; x_wconf 94' lang='lat' dir='ltr'>qui</span> <span class='ocrx_word' id='word_1_430' title='bbox 1438 4245 1485 4309; x_wconf 92' lang='lat' dir='ltr'>eis</span> <span class='ocrx_word' id='word_1_431' title='bbox 1507 4246 1677 4326; x_wconf 92' lang='lat' dir='ltr'>concessit,</span> <span class='ocrx_word' id='word_1_432' title='bbox 1693 4243 1758 4332; x_wconf 82' lang='lat' dir='ltr'>(ut)</span> <span class='ocrx_word' id='word_1_433' title='bbox 1774 4247 1906 4311; x_wconf 92' lang='lat' dir='ltr'>unicum</span> <span class='ocrx_word' id='word_1_434' title='bbox 1926 4247 2027 4311; x_wconf 90' lang='lat' dir='ltr'>deum</span> <span class='ocrx_word' id='word_1_435' title='bbox 2043 4244 2147 4309; x_wconf 87' lang='lat' dir='ltr'>filium</span> 
     </span>
     <span class='ocr_line' id='line_1_80' title="bbox 1246 4345 2148 4429; baseline -0.004 -19"><span class='ocrx_word' id='word_1_436' title='bbox 1246 4346 1316 4410; x_wconf 90' lang='lat' dir='ltr'>eius</span> <span class='ocrx_word' id='word_1_437' title='bbox 1330 4345 1505 4410; x_wconf 88' lang='lat' dir='ltr'>dominum</span> <span class='ocrx_word' id='word_1_438' title='bbox 1526 4354 1677 4410; x_wconf 91' lang='lat' dir='ltr'>nostrum</span> <span class='ocrx_word' id='word_1_439' title='bbox 1700 4367 1768 4411; x_wconf 93' lang='lat' dir='ltr'>non</span> <span class='ocrx_word' id='word_1_440' title='bbox 1790 4346 1957 4429; x_wconf 89' lang='lat' dir='ltr'>loquendo</span> <span class='ocrx_word' id='word_1_441' title='bbox 1973 4346 2032 4410; x_wconf 90' lang='lat' dir='ltr'>sed</span> <span class='ocrx_word' id='word_1_442' title='bbox 2049 4345 2148 4408; x_wconf 89' lang='lat' dir='ltr'>mori-</span> 
     </span>
     <span class='ocr_line' id='line_1_81' title="bbox 1247 4443 2147 4524; baseline -0.003 -14"><span class='ocrx_word' id='word_1_443' title='bbox 1247 4446 1334 4510; x_wconf 92' lang='lat' dir='ltr'>endo</span> <span class='ocrx_word' id='word_1_444' title='bbox 1368 4445 1604 4510; x_wconf 89' lang='lat' dir='ltr'>confiterentur</span> <span class='ocrx_word' id='word_1_445' title='bbox 1612 4443 1634 4524; x_wconf 80' lang='lat'>²,</span> <span class='ocrx_word' id='word_1_446' title='bbox 1665 4447 1826 4512; x_wconf 90' lang='lat' dir='ltr'>concedat</span> <span class='ocrx_word' id='word_1_447' title='bbox 1856 4446 1950 4511; x_wconf 93' lang='lat' dir='ltr'>uobis</span> <span class='ocrx_word' id='word_1_448' title='bbox 1980 4453 2018 4508; x_wconf 95' lang='lat' dir='ltr'>ut</span> <span class='ocrx_word' id='word_1_449' title='bbox 2046 4444 2147 4508; x_wconf 90' lang='lat' dir='ltr'>fidem</span> 
     </span>
     <span class='ocr_line' id='line_1_82' title="bbox 1246 4545 2148 4629; baseline -0.002 -20"><span class='ocrx_word' id='word_1_450' title='bbox 1246 4565 1369 4624; x_wconf 88' lang='lat' dir='ltr'>ueram,</span> <span class='ocrx_word' id='word_1_451' title='bbox 1384 4564 1484 4628; x_wconf 92' lang='lat' dir='ltr'>quam</span> <span class='ocrx_word' id='word_1_452' title='bbox 1504 4545 1617 4629; x_wconf 88' lang='lat' dir='ltr'>lingua</span> <span class='ocrx_word' id='word_1_453' title='bbox 1639 4555 1750 4610; x_wconf 90' lang='lat' dir='ltr'>uestra</span> <span class='ocrx_word' id='word_1_454' title='bbox 1772 4545 1902 4625; x_wconf 90' lang='lat' dir='ltr'>fatetur,</span> <span class='ocrx_word' id='word_1_455' title='bbox 1918 4545 2019 4610; x_wconf 91' lang='lat' dir='ltr'>etiam</span> <span class='ocrx_word' id='word_1_456' title='bbox 2039 4563 2148 4607; x_wconf 86' lang='lat' dir='ltr'>mores</span> 
     </span>
     <span class='ocr_line' id='line_1_83' title="bbox 1246 4643 2043 4729; baseline -0.001 -21"><span class='ocrx_word' id='word_1_457' title='bbox 1246 4645 1352 4729; x_wconf 88' lang='lat' dir='ltr'>probi,</span> <span class='ocrx_word' id='word_1_458' title='bbox 1368 4655 1403 4708; x_wconf 89' lang='lat' dir='ltr'>et</span> <span class='ocrx_word' id='word_1_459' title='bbox 1418 4645 1487 4708; x_wconf 89' lang='lat' dir='ltr'>uita</span> <span class='ocrx_word' id='word_1_460' title='bbox 1502 4644 1709 4728; x_wconf 91' lang='lat' dir='ltr'>inculpabilis</span> <span class='ocrx_word' id='word_1_461' title='bbox 1724 4644 1875 4710; x_wconf 91' lang='lat' dir='ltr'>fateatur.</span> <span class='ocrx_word' id='word_1_462' title='bbox 1919 4643 2043 4708; x_wconf 89' lang='lat' dir='ltr'>Amen.</span> 
     </span>
    </p>

    <p class='ocr_par' dir='ltr' id='par_1_40' title="bbox 1247 4741 2149 5106">
     <span class='ocr_line' id='line_1_84' title="bbox 1292 4741 2148 4828; baseline 0 -22"><span class='ocrx_word' id='word_1_463' title='bbox 1292 4741 1426 4827; x_wconf 86' lang='lat' dir='ltr'>Quique</span> <span class='ocrx_word' id='word_1_464' title='bbox 1449 4763 1506 4807; x_wconf 91' lang='lat' dir='ltr'>eos</span> <span class='ocrx_word' id='word_1_465' title='bbox 1532 4745 1739 4828; x_wconf 91' lang='lat' dir='ltr'>primitiuum</span> <span class='ocrx_word' id='word_1_466' title='bbox 1763 4744 1906 4810; x_wconf 91' lang='lat' dir='ltr'>fructum</span> <span class='ocrx_word' id='word_1_467' title='bbox 1929 4753 2053 4809; x_wconf 83' lang='lat' dir='ltr'>sanctae</span> <span class='ocrx_word' id='word_1_468' title='bbox 2078 4761 2148 4806; x_wconf 83' lang='lat' dir='ltr'>suae</span> 
     </span>
     <span class='ocr_line' id='line_1_85' title="bbox 1248 4842 2149 4926; baseline -0.006 -17"><span class='ocrx_word' id='word_1_469' title='bbox 1248 4843 1392 4926; x_wconf 91' lang='lat' dir='ltr'>suscepit</span> <span class='ocrx_word' id='word_1_470' title='bbox 1414 4842 1571 4922; x_wconf 77' lang='lat' dir='ltr'>ecclesiae,</span> <span class='ocrx_word' id='word_1_471' title='bbox 1594 4864 1669 4910; x_wconf 93' lang='lat' dir='ltr'>cum</span> <span class='ocrx_word' id='word_1_472' title='bbox 1693 4843 1800 4908; x_wconf 86' lang='lat' dir='ltr'>fructu</span> <span class='ocrx_word' id='word_1_473' title='bbox 1823 4843 1987 4908; x_wconf 90' lang='lat' dir='ltr'>bonorum</span> <span class='ocrx_word' id='word_1_474' title='bbox 2010 4861 2149 4926; x_wconf 88' lang='lat' dir='ltr'>operum</span> 
     </span>
     <span class='ocr_line' id='line_1_86' title="bbox 1248 4941 2148 5027; baseline -0.002 -22"><span class='ocrx_word' id='word_1_475' title='bbox 1248 4964 1308 5008; x_wconf 91' lang='lat' dir='ltr'>uos</span> <span class='ocrx_word' id='word_1_476' title='bbox 1330 4942 1428 5007; x_wconf 91' lang='lat' dir='ltr'>faciat</span> <span class='ocrx_word' id='word_1_477' title='bbox 1450 4944 1622 5025; x_wconf 90' lang='lat' dir='ltr'>peruenire</span> <span class='ocrx_word' id='word_1_478' title='bbox 1643 4945 1686 5008; x_wconf 88' lang='lat' dir='ltr'>ad</span> <span class='ocrx_word' id='word_1_479' title='bbox 1710 4943 1832 5027; x_wconf 85' lang='lat' dir='ltr'>gaudia</span> <span class='ocrx_word' id='word_1_480' title='bbox 1853 4954 1977 5026; x_wconf 70' lang='lat' dir='ltr'>aeteme</span> <span class='ocrx_word' id='word_1_481' title='bbox 1999 4943 2115 5027; x_wconf 74' lang='lat' dir='ltr'>patriae</span> <span class='ocrx_word' id='word_1_482' title='bbox 2125 4941 2148 5003; x_wconf 85' lang='lat'>³.</span> 
     </span>
     <span class='ocr_line' id='line_1_87' title="bbox 1247 5041 1371 5106; baseline -0.016 0"><span class='ocrx_word' id='word_1_483' title='bbox 1247 5041 1371 5106; x_wconf 89' lang='lat' dir='ltr'>Amen.</span> 
     </span>
    </p>

    <p class='ocr_par' dir='ltr' id='par_1_41' title="bbox 1292 5140 1675 5226">
     <span class='ocr_line' id='line_1_88' title="bbox 1292 5140 1675 5226; baseline 0 -20"><span class='ocrx_word' id='word_1_484' title='bbox 1292 5141 1392 5226; x_wconf 85' lang='lat' dir='ltr'>Quod</span> <span class='ocrx_word' id='word_1_485' title='bbox 1408 5142 1480 5225; x_wconf 91' lang='lat' dir='ltr'>ipse</span> <span class='ocrx_word' id='word_1_486' title='bbox 1495 5150 1642 5224; x_wconf 89' lang='lat' dir='ltr'>prestare</span> <span class='ocrx_word' id='word_1_487' title='bbox 1651 5140 1675 5206; x_wconf 87' lang='lat'>⁴.</span> 
     </span>
    </p>
   </div>
   <div class='ocr_carea' id='block_1_31' title="bbox 1576 5290 1810 5374">
    <p class='ocr_par' dir='ltr' id='par_1_42' title="bbox 1576 5290 1810 5374">
     <span class='ocr_line' id='line_1_89' title="bbox 1576 5290 1810 5374; baseline 0 -20"><span class='ocrx_word' id='word_1_488' title='bbox 1576 5290 1639 5355; x_wconf 87' lang='lat' dir='ltr'>Ad</span> <span class='ocrx_word' id='word_1_489' title='bbox 1657 5302 1810 5374; x_wconf 80' lang='lat' dir='ltr'>uesperos.</span> 
     </span>
    </p>
   </div>
   <div class='ocr_carea' id='block_1_32' title="bbox 1291 5415 2153 5501">
    <p class='ocr_par' dir='ltr' id='par_1_43' title="bbox 1291 5415 2153 5501">
     <span class='ocr_line' id='line_1_90' title="bbox 1291 5415 2153 5501; baseline -0.001 -18"><span class='ocrx_word' id='word_1_490' title='bbox 1291 5417 1392 5496; x_wconf 89' lang='lat' dir='ltr'>Deus,</span> <span class='ocrx_word' id='word_1_491' title='bbox 1405 5419 1462 5500; x_wconf 94' lang='lat' dir='ltr'>qui</span> <span class='ocrx_word' id='word_1_492' title='bbox 1476 5417 1554 5483; x_wconf 90' lang='lat' dir='ltr'>licet</span> <span class='ocrx_word' id='word_1_493' title='bbox 1570 5418 1613 5481; x_wconf 91' lang='lat' dir='ltr'>sis</span> <span class='ocrx_word' id='word_1_494' title='bbox 1629 5437 1770 5500; x_wconf 85' lang='lat' dir='ltr'>magnus</span> <span class='ocrx_word' id='word_1_495' title='bbox 1785 5418 1819 5481; x_wconf 89' lang='lat' dir='ltr'>in</span> <span class='ocrx_word' id='word_1_496' title='bbox 1834 5417 1972 5501; x_wconf 86' lang='lat' dir='ltr'>magnis,</span> <span class='ocrx_word' id='word_1_497' title='bbox 1988 5415 2153 5482; x_wconf 85' lang='lat' dir='ltr'>mirabilia</span> 
     </span>
    </p>
   </div>
   <div class='ocr_carea' id='block_1_33' title="bbox 1277 5593 1561 5740">
    <p class='ocr_par' dir='ltr' id='par_1_44' title="bbox 1277 5593 1561 5740">
     <span class='ocr_line' id='line_1_91' title="bbox 1277 5593 1443 5660; baseline -0.018 -14"><span class='ocrx_word' id='word_1_498' title='bbox 1277 5593 1286 5625; x_wconf 88' lang='lat'>¹</span> <span class='ocrx_word' id='word_1_499' title='bbox 1303 5595 1336 5646; x_wconf 92' lang='grc' dir='ltr'>Ο.</span> <span class='ocrx_word' id='word_1_500' title='bbox 1347 5609 1372 5660; x_wconf 92' lang='lat' dir='ltr'>p.</span> <span class='ocrx_word' id='word_1_501' title='bbox 1388 5607 1443 5660; x_wconf 84' lang='lat'><strong>²9²·</strong></span> 
     </span>
     <span class='ocr_line' id='line_1_92' title="bbox 1279 5672 1561 5740; baseline 0.004 -15"><span class='ocrx_word' id='word_1_502' title='bbox 1279 5673 1433 5737; x_wconf 82' lang='lat' dir='ltr'>&#39;SoB0d.;</span> <span class='ocrx_word' id='word_1_503' title='bbox 1448 5672 1518 5740; x_wconf 74' lang='lat' dir='ltr'>pacis</span> <span class='ocrx_word' id='word_1_504' title='bbox 1528 5672 1561 5726; x_wconf 90' lang='lat'>0.</span> 
     </span>
    </p>
   </div>
   <div class='ocr_carea' id='block_1_34' title="bbox 1711 5593 2140 5740">
    <p class='ocr_par' dir='ltr' id='par_1_45' title="bbox 1711 5593 2140 5740">
     <span class='ocr_line' id='line_1_93' title="bbox 1713 5593 2140 5661; baseline 0.002 -16"><span class='ocrx_word' id='word_1_505' title='bbox 1713 5593 1723 5624; x_wconf 82' lang='lat'>²</span> <span class='ocrx_word' id='word_1_506' title='bbox 1738 5594 1773 5645; x_wconf 90' lang='lat' dir='ltr'>So</span> <span class='ocrx_word' id='word_1_507' title='bbox 1784 5593 1862 5654; x_wconf 82' lang='lat' dir='ltr'>Bod.;</span> <span class='ocrx_word' id='word_1_508' title='bbox 1877 5594 2049 5661; x_wconf 85' lang='lat' dir='ltr'>profiterentur</span> <span class='ocrx_word' id='word_1_509' title='bbox 2056 5594 2089 5646; x_wconf 92' lang='grc' dir='ltr'>Ο.</span> <span class='ocrx_word' id='word_1_510' title='bbox 2138 5595 2140 5600; x_wconf 86' lang='lat'>&#39;</span> 
     </span>
     <span class='ocr_line' id='line_1_94' title="bbox 1711 5672 1875 5740; baseline -0.012 -14"><span class='ocrx_word' id='word_1_511' title='bbox 1711 5673 1721 5704; x_wconf 74' lang='lat'><strong><em>⁴</em></strong></span> <span class='ocrx_word' id='word_1_512' title='bbox 1737 5673 1769 5726; x_wconf 93' lang='lat'>0.</span> <span class='ocrx_word' id='word_1_513' title='bbox 1780 5689 1805 5740; x_wconf 89' lang='lat' dir='ltr'>p.</span> <span class='ocrx_word' id='word_1_514' title='bbox 1818 5672 1875 5738; x_wconf 73' lang='lat'>³⁶4·</span> 
     </span>
    </p>
   </div>
   <div class='ocr_carea' id='block_1_35' title="bbox 0 0 2594 6610">
    <p class='ocr_par' dir='ltr' id='par_1_46' title="bbox 0 0 2594 6610">
     <span class='ocr_line' id='line_1_95' title="bbox 0 0 2594 6610; baseline 0 0"><span class='ocrx_word' id='word_1_515' title='bbox 0 0 2594 6610; x_wconf 95' lang='lat' dir='ltr'> </span> 
     </span>
    </p>
   </div>
  </div>
 </body>
</html>
