5148 6612
434 584 477 636 12
754 561 825 653 pru
849 561 998 654 episcopo.

430 764 575 824 domnum
600 761 794 840 apostolicum
816 762 864 822 .N.
891 763 1053 839 pontifices,
1076 763 1205 836 abbates,
1228 781 1329 840 regem

429 867 562 918 nostrum
577 868 606 920 et
620 857 751 935 reginam
769 869 900 918 nostram
914 878 948 920 ac
963 858 1108 936 principes
1127 869 1251 930 nostros,
1266 877 1330 917 om-

430 971 541 1030 nesque
555 952 801 1030 congregationes
821 953 876 1014 illis
893 954 1075 1025 commissas,
1091 965 1120 1012 et
1134 972 1189 1013 nos
1204 952 1329 1012 famulos

430 1057 506 1116 tuos,
529 1065 564 1108 ac
591 1046 691 1107 locum
715 1055 856 1120 nostrum,
878 1059 907 1108 et
931 1047 1069 1108 familiam
1091 1048 1259 1122 beatissime
1281 1047 1329 1107 dei

429 1141 577 1218 genitricis
597 1140 697 1215 marie,
711 1158 829 1200 necnon
844 1153 873 1202 et
887 1143 981 1202 sancti
1001 1143 1073 1219 petri
1094 1142 1227 1219 apostoli,
1243 1151 1329 1219 atque

429 1235 523 1295 sancti
553 1234 699 1296 suuithuni
732 1234 910 1297 confessoris
939 1236 1047 1309 christi,
1075 1249 1104 1296 et
1132 1237 1233 1296 omnia
1263 1235 1329 1296 loca

430 1339 596 1388 sanctorum
611 1330 641 1388 in
654 1329 737 1389 omni
757 1332 908 1390 sanctitate
929 1331 1060 1404 custodi;
1082 1349 1245 1408 omnesque
1267 1329 1329 1390 affi-

429 1423 519 1483 nitate
539 1433 569 1483 et
587 1423 777 1483 familiaritate
798 1425 885 1485 nobis
904 1425 1087 1494 coniunctos,
1102 1436 1131 1485 et
1145 1425 1231 1484 nobis
1246 1443 1328 1485 com-

429 1517 545 1589 missos,
560 1518 705 1596 nobisque
720 1519 888 1593 seruientes,
903 1536 1020 1578 necnon
1041 1532 1070 1579 et
1090 1538 1195 1580 omnes
1216 1519 1327 1580 christi·

430 1629 505 1672 anos
513 1629 532 1670 a
539 1613 615 1671 uitiis
625 1630 727 1690 purga,
737 1613 888 1674 uirtutibus
900 1614 1014 1685 illustra,
1024 1632 1128 1690 pacem
1139 1624 1167 1674 et
1176 1615 1328 1675 sanitatem

430 1705 517 1764 nobis
531 1707 631 1777 tribue,
646 1707 747 1766 hostes
767 1708 894 1767 uisibiles
909 1719 937 1768 et
951 1708 1109 1769 inuisibiles
1123 1728 1251 1781 remoue,
1266 1727 1329 1769 car-

430 1800 506 1859 nalia
519 1800 661 1860 desideria
682 1801 797 1878 repelle,
811 1803 884 1862 aeris
899 1802 1139 1863 commoditatem
1154 1805 1255 1877 tribue,
1276 1803 1330 1862 iter

430 1891 603 1954 famulorum
632 1893 863 1973 famularumque
887 1907 1001 1956 tuantm
1025 1896 1153 1957 fidelium
1176 1897 1207 1956 in
1229 1898 1329 1958 salufis

428 1998 478 2062 tue
492 1989 683 2066 prosperitate
698 1989 832 2067 dispone,
844 1991 1051 2069 nauigantibus
1066 1991 1198 2052 fidelibus
1212 2004 1329 2070 portum

430 2083 529 2142 salutis
543 2083 671 2162 indulge,
685 2084 808 2144 inimicis
823 2087 928 2146 nostris
943 2105 1044 2146 ueram
1057 2088 1206 2147 caritatem
1221 2098 1250 2147 et
1265 2106 1329 2164 per-

429 2175 536 2236 lectam
556 2179 758 2238 remissionem
778 2179 890 2258 largire,
906 2199 1019 2258 nosque
1041 2181 1079 2240 ab
1095 2200 1196 2241 eorum
1218 2181 1328 2242 insidiis

428 2279 565 2348 potenter
581 2272 668 2350 eripe,
684 2282 712 2333 et
726 2274 864 2335 omnibus
885 2274 1018 2336 fidelibus
1039 2275 1113 2336 uiuis
1134 2287 1163 2336 et
1185 2276 1328 2337 defunctis

429 2365 521 2426 uitam
535 2377 564 2426 et
577 2368 709 2446 requiem
723 2379 853 2430 eternam
867 2371 1008 2431 concede.
1050 2369 1113 2430 Per.

818 2502 942 2566 Secreta.

470 2606 563 2680 Deus,
577 2607 627 2686 qui
641 2607 779 2685 singulari
801 2610 931 2687 corporis
948 2610 989 2671 tui
1003 2609 1099 2671 hostia
1119 2610 1207 2671 totius
1227 2610 1330 2669 mundi

430 2702 542 2762 soluisti
557 2702 669 2775 delicta,
684 2702 741 2764 hac
754 2703 902 2765 oblatione
916 2705 1182 2783 intercessioneque
1196 2707 1328 2765 omnium

430 2808 597 2859 sanctorum
612 2800 743 2878 placatus
764 2801 893 2862 maculas
914 2800 1055 2862 scelerum
1074 2812 1251 2874 nostrorum,
1265 2819 1328 2860 om-

430 2893 571 2971 niumque
584 2911 638 2971 pro
652 2894 757 2972 quibus
774 2895 831 2955 boc
842 2895 1014 2956 sacrificium
1025 2895 1176 2956 offerimus
1186 2897 1329 2973 absterge,

429 2996 459 3046 et
472 2989 606 3048 omnium
627 2988 864 3051 christianorum¹
883 2990 1018 3050 uiuorum
1040 3001 1127 3067 atque
1147 3001 1330 3050 mortuomm

429 3092 550 3160 peccata
563 3082 682 3156 dimitte,
697 3085 798 3162 eisque
812 3085 924 3163 premia
938 3095 1038 3160 eterna
1051 3083 1190 3146 concede.
1233 3085 1296 3146 Per.

808 3216 950 3295 Prffatr'o.

468 3319 508 3382 U.
519 3321 558 3381 D.
572 3338 698 3383 ursum
711 3343 794 3384 nnus.
836 3323 875 3383 Et
888 3336 970 3385 tuam
983 3325 1169 3386 clementiam
1185 3325 1331 3386 humiliter

428 3416 632 3494 implorarent
646 3419 783 3479 omnibus
804 3420 913 3479 sanctis
933 3419 989 3479 tuis
1009 3420 1267 3480 interuenientibus
1281 3419 1331 3480 de-

428 3509 498 3570 licta
512 3523 614 3571 nostra
632 3511 790 3572 clementer
804 3512 956 3584 emundes,
971 3513 1091 3592 diesque
1105 3525 1222 3574 nostros
1236 3515 1267 3572 in
1281 3523 1331 3574 tua

428 3605 578 3665 uoluntate
601 3605 750 3683 disponas,
773 3607 916 3686 simulque
941 3607 1124 3668 credentibus
1146 3609 1177 3667 in
1202 3619 1230 3668 te
1253 3609 1330 3668 sani-

428 3709 519 3758 tatem
537 3701 643 3761 mentis
658 3710 686 3760 et
700 3703 831 3780 corporis
851 3703 969 3774 tribuas,
983 3703 1148 3764 incredulos
1167 3714 1329 3776 conuertas,

430 3803 559 3853 errantes
583 3795 721 3872 corrigas,
745 3794 979 3858 discordantibus
1002 3799 1144 3858 unitatem
1168 3799 1250 3876 pacis
1273 3798 1330 3858 lar·

428 3888 526 3966 giaris,
540 3889 735 3967 omnibusque
750 3891 825 3951 uiuis
844 3899 874 3952 et
892 3891 1038 3952 defunctis
1055 3893 1174 3953 ueniam
1195 3892 1330 3953 conseras

428 3992 461 4041 ut
471 3982 509 4042 ad
520 3983 762 4045 interminabilem
777 3987 900 4064 gloriam
915 3989 1067 4067 peruenire
1081 3999 1252 4048 mereantur.
1273 3988 1331 4048 Per

429 4076 576 4136 christum.

754 4160 808 4220 Ad
818 4164 1011 4242 complendum.

471 4264 604 4343 Sumpta,
638 4284 806 4344 quesumus,
841 4268 969 4345 domine,
1008 4281 1190 4331 sacramenta
1230 4272 1330 4330 omnia

429 4359 552 4418 crimina
579 4370 679 4420 nostra
707 4361 867 4440 detergant,
895 4383 1074 4442 omnemque
1102 4366 1274 4444 prauitatem
1303 4377 1331 4424 et

429 4453 635 4527 infirmitatem,
658 4473 711 4515 seu
735 4457 823 4517 etiam
844 4458 988 4518 hosticam
1012 4459 1122 4519 rabiem
1144 4470 1231 4538 atque
1252 4460 1330 4519 subi-

427 4559 489 4608 tam
504 4559 637 4622 mortem,
652 4550 760 4611 meritis
781 4562 951 4613 sanctorum
971 4555 1103 4615 omnium
1125 4573 1142 4614 a
1162 4554 1248 4615 nobis
1263 4573 1331 4633 pro-

429 4643 476 4704 cul
499 4643 653 4722 depellant,
676 4656 705 4704 et
725 4648 864 4707 omnibus
885 4649 1018 4710 fidelibus
1039 4649 1113 4708 uiuis
1137 4660 1166 4708 et
1188 4648 1332 4709 defunctis

429 4739 541 4816 prosint
565 4738 605 4799 ad
628 4740 754 4815 ueniam,
775 4760 829 4820 pro
851 4761 976 4820 quorum
1000 4761 1182 4824 quarumque
1203 4744 1254 4804 tibi
1275 4744 1332 4805 sint

429 4832 527 4893 oblata
540 4833 641 4894 salute.
682 4835 746 4896 Per.

705 5003 818 5078 fflissa
838 5023 890 5087 pru
911 5008 1051 5089 spismpc.

468 5107 593 5184 Inclina,
607 5111 737 5186 domiue,
753 5131 853 5174 aurem
868 5124 957 5176 tuam.
1003 5114 1043 5176 Ut
1054 5126 1150 5193 supra.

829 5233 938 5296 Oratio.

471 5335 619 5410 Concede,
641 5357 811 5418 quesumus,
832 5342 961 5415 domine,
983 5319 1093 5404 famulo
1116 5355 1168 5404 tuo
1193 5344 1335 5423 episcopo

430 5441 532 5490 nostro
546 5431 593 5492 .N.
608 5444 640 5492 ut
657 5435 838 5512 predicando
859 5447 887 5496 et
908 5438 1073 5498 exercendo
1092 5456 1150 5516 que
1172 5450 1251 5498 recta
1268 5449 1336 5498 sunt

494 5603 503 5634 ¹
522 5604 656 5657 ‘fidelium’
667 5607 690 5657 is
701 5609 782 5659 added
793 5609 827 5676 by
838 5626 854 5660 a
865 5611 978 5664 different
989 5611 1055 5663 band
1068 5613 1147 5664 abore
1160 5611 1202 5664 tbe
1213 5612 1270 5663 line.

1712 563 1783 656 231⁰
1807 564 1955 657 episcopt.

1383 760 1519 841 exemplo
1546 762 1693 822 bonorum
1721 779 1845 840 operum
1873 763 1987 823 animas
2015 781 2135 824 suorum
2164 764 2285 826 instruat

1383 856 1574 927 subditorum,
1596 867 1624 914 et
1646 867 1745 932 eterne
1766 857 2006 917 remunerationis
2027 858 2192 920 mercedem
2213 878 2232 919 a
2256 869 2285 918 te

1381 950 1514 1029 piissimo
1536 959 1652 1027 pastore
1672 951 1823 1029 percipiat.
1866 950 1929 1011 Per.

1537 1093 1632 1154 Lectrb
1645 1096 1753 1173 epistole
1766 1095 1931 1173 teas'paut·
1941 1097 1982 1155 ad
1991 1096 2100 1157 hebreos
2109 1099 2128 1158 ¹.

1423 1199 1546 1270 Fratres
1555 1201 1655 1261 omnis
1669 1201 1801 1278 pontifex
1815 1221 1852 1262 ex
1867 1202 2036 1265 hominibus
2050 1213 2216 1281 assumptus
2229 1222 2285 1281 pro

1382 1295 1548 1356 hominibus
1571 1296 1755 1356 constituitur
1775 1297 1806 1356 in
1830 1297 1876 1356 his
1898 1316 1957 1375 que
1980 1307 2048 1359 sunt
2072 1298 2110 1358 ad
2134 1298 2229 1372 deum,
2253 1310 2285 1358 ut

1382 1389 1484 1449 ofierat
1506 1389 1586 1450 dona
1606 1401 1635 1450 et
1656 1391 1797 1450 sacrificia
1818 1410 1872 1469 pro
1892 1391 2039 1469 peccatis;
2061 1393 2112 1470 qui
2128 1392 2285 1453 condolere

1381 1485 1475 1565 possit
1489 1483 1555 1544 bis¹
1569 1484 1619 1562 qui
1633 1484 1770 1563 ignorant
1783 1496 1813 1545 et
1827 1497 1943 1557 errant;
1959 1488 2098 1564 quoniam
2113 1497 2142 1547 et
2155 1487 2219 1565 ipse
2230 1489 2285 1546 cir-

1381 1579 1536 1639 cumdatus
1550 1589 1594 1638 est
1608 1579 1782 1639 infirmitate.
1822 1579 1862 1639 Et
1874 1591 2029 1659 propterea
2043 1579 2130 1641 debet
2143 1581 2285 1658 quemad-

1382 1673 1504 1732 modum
1519 1690 1574 1750 pro
1588 1673 1708 1750 populo,
1723 1674 1763 1732 ita
1777 1674 1866 1734 etiam
1880 1684 1909 1734 et
1923 1691 1977 1751 pro
1992 1676 2151 1752 semetipso
2165 1675 2285 1734 ofierre¹

1382 1767 1558 1838 sacrificia⁴3
1580 1785 1636 1826 nec
1655 1767 1811 1844 quisquam
1826 1767 1913 1828 sumit
1934 1768 1989 1827 sibi
2010 1769 2154 1828 honorem
2169 1769 2221 1828 sed
2234 1769 2284 1846 qui

1382 1871 1503 1921 uocatur
1523 1879 1542 1920 a
1561 1861 1618 1920 deo
1633 1871 1782 1938 tamquam
1798 1863 1912 1934 aaron¹,
1926 1863 2177 1940 quemadmodum
2192 1865 2283 1941 scrip·

1381 1965 1444 2014 tum
1470 1955 1555 2014 est¹:
1591 1954 1640 2013 Tu
1668 1974 1701 2016 es
1729 1957 1867 2017 sacerdos
1895 1957 1925 2015 in
1953 1967 2095 2030 eternum,
2122 1957 2285 2018 secundum

1382 2050 1516 2108 ordinem
1537 2047 1761 2110 melchisedebc.

1426 2141 1580 2202 Graduale.
1604 2141 1725 2202 Saluum
1753 2142 1798 2203 l'ac
1828 2161 1945 2204 seruum
1973 2154 2065 2214 tuum,
2091 2144 2164 2205 deus
2191 2163 2283 2216 meus,

1382 2246 1549 2315 sperantem
1570 2237 1601 2296 in
1622 2247 1659 2298 te.

1427 2329 1462 2390 U.
1499 2331 1625 2391 Auribus
1660 2333 1787 2410 percipe,
1817 2332 1945 2406 domine,
1977 2334 2142 2396 orationem
2177 2351 2284 2394 meam.

1382 2426 1483 2486 Aeuia.

1431 2520 1461 2580 V.
1492 2518 1592 2580 Uerba
1613 2538 1680 2580 mea
1704 2521 1820 2580 auribus
1845 2521 1973 2600 percipe,
1996 2521 2125 2595 domine,
2150 2521 2284 2600 intellege

1382 2613 1541 2674 clamorem
1564 2631 1673 2674 meum.

1673 2760 1830 2823 Secundum
1844 2764 1982 2824 matheum
1990 2765 2009 2824 ¹.

1423 2867 1460 2928 In
1479 2868 1534 2929 illis
1554 2869 1627 2928 dixit
1644 2868 1745 2930 ihesus
1759 2869 1908 2949 discipulis
1923 2871 1983 2931 suis
1992 2891 2001 2945 ;
2023 2872 2141 2950 uigilate
2152 2879 2181 2933 et
2193 2885 2283 2946 orate,

1382 2963 1465 3042 quia⁸
1476 2963 1744 3041 nescitis⁹quando
1753 2976 1869 3042 tempus
1881 2966 1923 3026 sit.
1948 2965 2029 3025 Sicut
2037 2966 2130 3027 homo
2141 2967 2191 3045 qui
2201 2987 2284 3045 pere-

1382 3076 1434 3135 gre
1447 3058 1637 3137 proficiscens
1646 3055 1668 3090 ¹¹
1682 3058 1795 3136 reliquit
1809 3059 1932 3118 domum
1950 3077 2044 3132 suam,
2058 3071 2086 3121 et
2100 3061 2180 3121 dedit
2193 3062 2284 3122 seruis

1383 3154 1443 3212 suis
1471 3161 1646 3231 potestatem
1675 3153 1875 3230 cuiuscunque
1900 3153 2005 3231 operis,
2029 3165 2058 3214 et
2079 3155 2193 3214 ianitori
2217 3173 2284 3234 pre-

1383 3247 1461 3324 cepit
1481 3245 1642 3324 uigilare¹¹.
1686 3245 1735 3306 Sic
1763 3265 1835 3325 ergo
1858 3247 2015 3326 uigilate¹¹.
2059 3248 2185 3311 Nescitis
2205 3251 2285 3310 euim

1383 3343 1504 3420 quando
1524 3342 1663 3402 domiuus
1682 3343 1790 3403 domus
1804 3345 1911 3416 ueniat,
1927 3362 2002 3416 sero,
2017 3363 2055 3404 an
2074 3345 2173 3405 media
2188 3357 2284 3415 nocte,

1383 3455 1422 3497 an
1446 3436 1611 3515 gallicantu,
1637 3454 1676 3496 an
1704 3455 1801 3507 mane,
1826 3455 1864 3496 ue
1887 3456 1956 3498 cum
1977 3435 2124 3516 repente¹¹
2147 3439 2284 3498 uenerit¹³

1383 3531 1511 3591 inueniat
1535 3548 1590 3590 uos
1618 3531 1806 3591 dormientes.
1858 3530 1949 3605 Quod
1978 3543 2076 3592 autem
2098 3533 2184 3593 uobis
2207 3533 2285 3606 dico,

1382 3625 1520 3685 omnibus
1541 3624 1626 3699 dico;
1648 3625 1772 3703 uigilate.

1426 3717 1615 3797 Offertorriem.
1646 3718 1786 3792 Domine,
1808 3719 1913 3780 exaudi
1937 3721 2102 3782 orationem
2127 3739 2232 3796 meam,
2255 3733 2285 3782 et

1382 3812 1493 3873 clamor
1507 3831 1591 3874 meus
1605 3813 1643 3874 ad
1656 3824 1685 3873 te
1699 3815 1859 3891 perueniat

1776 3971 1894 4035 Secreta.

1423 4076 1555 4159 Suscipe,
1584 4096 1753 4158 quesumus,
1784 4080 1951 4155 clementer,
1979 4081 2169 4161 omnipotens
2203 4081 2284 4153 deus,

1382 4185 1481 4248 nostre
1509 4173 1665 4234 oblationis
1689 4173 1886 4247 deustionem,
1911 4185 1940 4234 et
1963 4195 2015 4254 per
2037 4177 2172 4237 uirtutem
2200 4176 2285 4236 huius

1383 4268 1557 4328 sacramenti
1568 4267 1649 4345 quod
1661 4277 1709 4343 tue
1724 4269 1882 4329 obtulimus
1896 4269 2038 4330 maiestati
2054 4282 2136 4330 tuum
2150 4270 2202 4331 s'll.
2217 4289 2286 4330 cum

1384 4363 1543 4422 commisso
1565 4363 1620 4422 sibi
1639 4380 1728 4440 grege
1743 4381 1761 4422 a
1779 4364 1893 4423 cunctis
1912 4376 2033 4443 protege
2055 4364 2285 4426 aduersitatibus.

1382 4453 1446 4515 Per.

1760 4537 1901 4616 Presalr'o.

1424 4643 1462 4704 U.
1474 4643 1511 4704 D.
1527 4655 1635 4704 aeterne
1649 4643 1729 4704 deus
1774 4644 1833 4719 Qui
1854 4664 1887 4706 es
1907 4648 2049 4707 iustorum
2067 4646 2169 4724 gloria,
2183 4656 2213 4707 et
2232 4645 2286 4706 mi·

1385 4737 1542 4798 sericordia
1568 4749 1767 4816 peccatorum,
1795 4740 1934 4817 pietatem
1962 4749 2043 4802 tuam
2071 4741 2172 4802 humili
2199 4760 2285 4819 prece

1386 4831 1583 4912 deposcimus,
1596 4842 1629 4891 ut
1647 4833 1846 4908 intercedente
1866 4835 1951 4895 beata
1966 4836 2012 4896 dei
2029 4837 2169 4914 genitrice
2186 4836 2284 4907 maria,

1386 4936 1416 4986 et
1436 4927 1544 4987 sanctis
1565 4926 1706 5005 apostolis
1726 4929 1782 4987 tuis
1803 4946 1898 4990 rnrro
1912 4939 1941 4991 et
1961 4929 2050 5008 paulo
2067 4941 2154 5010 atque
2168 4929 2285 5004 andrea,

1387 5030 1415 5080 et
1443 5021 1581 5081 omnibus
1608 5021 1715 5082 sanctis
1743 5022 1808 5095 tuis,
1837 5022 1977 5084 famulum
2004 5035 2087 5085 tuum
2116 5025 2286 5104 pontificem

1387 5123 1520 5174 nostrum
1540 5115 1686 5194 benignus
1707 5117 1853 5194 respicias,
1869 5129 1898 5178 et
1917 5119 2031 5198 pietatis
2052 5129 2101 5194 tue
2122 5120 2286 5180 custodiam

1419 5299 1516 5353 ¹Heb.
1533 5299 1625 5352 v.1-6.
1744 5301 1831 5354 'Vul
1843 5301 1882 5352 iis.
1993 5303 2159 5369 ¹Vul.÷pro
2170 5305 2286 5369 peccatis.

1419 5377 1429 5408 ⁴
1445 5377 1505 5430 vat.
1517 5395 1562 5429 em.
1675 5379 1686 5411 ⁸
1701 5379 1889 5432 vileris—te.
1998 5382 2008 5415 ⁸
2024 5382 2083 5432 Vul.
2094 5390 2119 5433 et
2130 5382 2156 5432 in
2167 5382 2219 5433 alio
2229 5381 2288 5432 loco

1387 5456 1457 5507 dicit.
1579 5455 1589 5486 ¹
1606 5457 1645 5524 By
1655 5473 1723 5510 error
1733 5459 1772 5508 lor
1784 5459 1863 5510 Marc.
1875 5459 1927 5510 xiii.
1938 5470 2028 5525 33-37.
2142 5461 2152 5492 ⁸
2168 5460 2227 5510 Vni.
2239 5475 2284 5511 cnr.

1418 5533 1613 5588 ’Vul.÷enim.
1711 5536 1731 5568 ¹¹
1747 5536 1805 5587 Vul.
1817 5537 1949 5603 proiectus.
2045 5539 2063 5570 ¹¹
2081 5537 2140 5591 Vul.
2152 5547 2179 5591 ut
2190 5539 2284 5607 vigilet.

1421 5613 1441 5645 ¹¹
1457 5613 1619 5683 tutum.
1729 5618 1748 5650 ¹¹
1765 5617 1825 5672 val.
1835 5627 1961 5684 memore.
