5148 6612
420 611 447 680 4
791 585 963 680 litliqttioe.
1742 589 1915 684 belham.

463 787 510 848 De
524 786 680 867 sepulchro
695 784 815 847 domini.
1422 789 1565 868 Reliquiae
1580 789 1679 850 Sancti
1693 789 1813 850 comelii
1827 791 1969 868 martyris.

462 881 510 941 De
523 883 699 942 uestimento
714 881 835 942 domini.
1420 883 1564 963 Reliquiae
1580 883 1679 944 Sancti
1693 884 1821 944 marcelli
1835 902 1931 962 papae.

463 974 510 1035 De
524 993 646 1053 presepe
661 974 781 1036 domini.
1419 977 1563 1056 Reliquiae
1579 977 1678 1038 Sancti
1693 978 1767 1057 petri
1781 979 1919 1055 martyris.

461 1070 508 1131 De
522 1070 642 1130 iordane
656 1070 706 1130 ubi
721 1071 858 1132 dominus
873 1069 925 1132 fuit
938 1071 1110 1150 baptizatus.
1137 1119 1142 1130 .
1418 1071 1466 1132 De
1480 1073 1575 1150 capite
1589 1073 1689 1134 Sancti
1703 1073 1799 1133 ciriaci
1814 1073 1954 1151 martyris.

461 1164 509 1225 De
531 1183 672 1225 mucrone
697 1174 727 1225 et
750 1165 788 1226 de
813 1167 916 1227 lancea
940 1166 1018 1227 unde
1042 1167 1118 1228 latus
1140 1166 1253 1228 domini
1274 1166 1326 1228 luit
1418 1165 1561 1245 Reliquiae
1575 1166 1675 1227 Sancti
1689 1167 1828 1227 mauricii.

421 1269 564 1336 apertum.
1418 1259 1561 1340 Reliquiae
1575 1260 1676 1322 Sancti
1689 1261 1788 1322 iuliani
1801 1261 1942 1340 martyris.

461 1351 509 1412 De
522 1364 624 1414 monte
639 1353 757 1414 excelso
771 1355 821 1414 ubi
836 1354 973 1414 dominus
987 1355 1134 1415 ieiunauit.
1384 1423 1389 1434 .
1418 1353 1560 1434 Reliquiae
1576 1355 1677 1417 Sancti
1697 1356 1804 1417 luciani
1825 1357 1965 1436 martyris,
1981 1354 2012 1416 id
2033 1364 2085 1428 est,
2100 1355 2138 1415 de
2155 1373 2279 1434 corpore

462 1445 510 1506 De
522 1464 625 1506 mensa
640 1447 739 1507 christi
752 1449 784 1506 in
798 1466 857 1526 qua
870 1449 996 1526 ipsemet
1009 1450 1140 1510 cenabat
1376 1448 1449 1508 eiua.

461 1538 509 1601 De
537 1540 659 1601 candela
687 1560 778 1618 quam
812 1542 935 1622 angelus
963 1543 1076 1606 domini
1107 1544 1138 1604 in
1170 1541 1325 1621 sepulchro
1418 1541 1561 1621 Reliquiae
1575 1542 1675 1603 Sancti
1688 1542 1811 1621 geruasii
1826 1543 1966 1621 martyris.

418 1634 520 1694 christi
541 1634 697 1698 irradiauit.
1134 1693 1138 1702 ,
1417 1635 1464 1696 De
1478 1637 1573 1713 capite
1589 1637 1689 1697 Sancti
1703 1636 1868 1698 christofori
1882 1637 2024 1715 martyris.

462 1727 538 1788 Item
553 1729 592 1788 de
603 1731 741 1808 presepio
754 1740 784 1790 et
799 1730 836 1791 de
850 1732 1004 1808 sepulchro
1020 1731 1140 1793 domini.
1416 1728 1463 1788 De
1477 1749 1600 1808 corpore
1616 1729 1714 1792 Sancti
1729 1733 1839 1792 cononi
1853 1732 1994 1810 martyris.

461 1821 509 1883 De
530 1824 707 1884 uestimento
729 1823 835 1901 Sancte
856 1827 946 1886 marie
967 1828 1067 1888 matris
1089 1826 1209 1900 domini,
1225 1824 1267 1906 (et
1288 1825 1325 1886 de
1418 1823 1497 1884 Ossa
1511 1823 1610 1885 Sancti
1625 1827 1772 1908 anastasii.

422 1917 534 1995 capillis
548 1916 633 1998 eius).
1418 1916 1559 1996 Reliquiae
1574 1918 1674 1980 Sancti
1687 1921 1738 1980 uiti
1753 1919 1892 1998 martyris.

462 2010 509 2070 De
522 2011 668 2072 uelamine
682 2011 815 2073 eiusdem
830 2013 877 2074 dei
891 2014 1048 2092 genitricis.
1418 2009 1563 2089 Reliquiae
1578 2011 1680 2085 Sancti
1694 2015 1796 2074 nicasii
1809 2013 1952 2091 martyris.

462 2103 511 2164 De
525 2123 648 2184 corpore
662 2108 755 2167 sancti
769 2107 905 2168 iohannis
920 2109 1054 2187 baptiste.
1418 2103 1465 2164 De
1480 2123 1603 2184 corpore
1618 2118 1646 2166 et
1660 2106 1696 2168 de
1710 2108 1829 2169 brachio
1846 2107 1945 2168 Sancti
1959 2106 2112 2168 iuuenalis.

463 2197 510 2260 De
523 2200 651 2277 reliquiis
666 2211 834 2262 sanctorum
851 2203 1062 2264 innocentium.
1418 2198 1561 2280 Reliquiae
1575 2200 1676 2262 Sancti
1690 2201 1797 2262 tiburtii
1811 2202 1953 2280 martyris.

462 2292 510 2352 De
524 2294 599 2353 rubo
614 2294 651 2354 de
665 2313 726 2373 quo
740 2295 855 2356 locutus
869 2307 914 2358 est
927 2297 1065 2358 dominus
1080 2298 1185 2376 moysi.
1418 2292 1464 2353 De
1477 2294 1621 2371 sanguine
1636 2295 1736 2358 Sancti
1750 2296 1868 2356 uiuiani.

461 2385 508 2446 De
522 2397 624 2448 monte
637 2389 737 2448 oliueti
751 2388 830 2450 unde
844 2390 981 2452 dominus
995 2392 1127 2452 ascendit
1142 2392 1173 2451 in
1187 2389 1291 2451 celum.
1419 2387 1562 2467 Reliquiae
1576 2390 1660 2449 eresii
1675 2391 1815 2468 martyris.

463 2480 509 2540 De
524 2482 606 2542 altari
620 2483 700 2562 quod
714 2484 777 2562 ipse
791 2485 929 2547 dominus
943 2487 1100 2546 benedixit
1418 2481 1561 2561 Reliquiae
1575 2485 1671 2546 ciriaci
1684 2485 1824 2562 martyris.

463 2574 511 2635 De
524 2575 593 2637 loco
606 2578 657 2638 ubi
671 2577 724 2636 t'uit
737 2578 876 2639 dominus
891 2582 1067 2641 incarnatus.
1418 2575 1465 2637 De
1491 2579 1618 2658 reliquiis
1647 2577 1821 2639 Sanctorum
1849 2587 2009 2656 martyrum
2038 2577 2087 2654 qui
2112 2575 2227 2636 luerunt
2249 2576 2279 2634 in

462 2668 510 2729 De
538 2667 677 2749 (reliquiis
705 2680 734 2732 et
765 2668 815 2751 de)
849 2674 1025 2735 uestimento
1061 2675 1156 2734 sancti
1190 2673 1326 2736 iohannis
1377 2670 1550 2732 hierusalem
1563 2673 1746 2752 martyrizati.

422 2765 557 2841 baptiste.
1195 2793 1200 2804 ·
1418 2765 1496 2826 Ossa
1509 2767 1611 2827 cesarii
1625 2767 1758 2846 martyris
1773 2765 1814 2846 (et
1828 2764 1866 2826 de
1880 2775 1961 2826 ueste
1975 2761 2060 2844 elus).

461 2857 508 2918 De
522 2859 614 2918 barba
629 2857 730 2919 Sancti
744 2860 819 2937 petri
833 2862 966 2939 apostoli.
2007 2855 2010 2869 '

463 2953 510 3014 De
526 2953 638 3031 capillis
650 2954 782 3015 eiusdem
796 2957 929 3033 apostoli

462 3046 538 3107 Item
554 3047 591 3108 de
605 3049 780 3109 uestimento
797 3049 897 3111 Sancti
911 3052 984 3128 petri
998 3052 1132 3129 apostoli.

462 3140 509 3201 De
523 3141 599 3203 collo
617 3143 711 3203 sancti
725 3142 803 3220 pauli
817 3145 944 3222 apostoli
958 3155 988 3205 et
1004 3145 1042 3205 de
1055 3159 1137 3207 ueste
1151 3146 1224 3208 eius.

465 3235 512 3296 De
525 3253 635 3296 manna
649 3237 742 3296 sancti
755 3236 892 3298 iohannis
906 3240 1093 3317 euangeliste.

462 3330 538 3391 Item
552 3329 599 3389 De
614 3331 790 3391 uestimento
805 3333 936 3393 eiusdem
951 3335 1087 3411 apostoli.

464 3423 511 3485 De
525 3424 631 3485 baculo
646 3423 747 3485 Sancti
761 3425 870 3502 andree
885 3428 1019 3505 apostoli.

463 3516 510 3578 De
524 3519 619 3594 capite
634 3518 734 3578 Sancti
747 3519 941 3581 bartholomei
955 3522 1088 3599 apostoli.

463 3610 510 3672 De
525 3610 668 3690 Reliquiis
683 3613 775 3673 sancti
788 3613 884 3675 iacobi
899 3615 1032 3692 apostoli.

1737 2897 1923 2979 Confessam.

1419 2997 1561 3076 Reliquiae
1576 2997 1677 3058 Sancti
1690 2999 1803 3058 martini
1819 2997 2007 3059 confessoris.

1418 3091 1465 3152 De
1478 3093 1560 3170 uirga
1574 3104 1603 3153 et
1617 3093 1655 3152 de
1669 3092 1756 3153 dente
1772 3092 1871 3154 Sancti
1885 3092 1985 3152 basilii.

1419 3185 1466 3246 De
1481 3205 1603 3264 corpore
1619 3188 1718 3248 Sancti
1732 3187 1834 3247 euurtii
1851 3186 1994 3266 episcopi.

1419 3280 1561 3360 Reliquiae
1576 3281 1675 3343 Sancti
1690 3282 1821 3342 medardi
1836 3282 1975 3361 episcopi.

1418 3373 1561 3453 Reliquiae
1577 3376 1676 3437 Sancti
1690 3377 1817 3438 audoeni
1832 3375 1971 3453 episcopi.

1419 3467 1496 3528 Ossa
1510 3470 1610 3530 Sancti
1626 3471 1746 3549 benigni
1759 3470 1891 3548 martyris
1900 3467 1920 3528 ¹.

1419 3563 1562 3642 Reliquiae
1580 3564 1679 3625 Sancti
1693 3567 1760 3625 iusti
1774 3575 1804 3625 et
1818 3564 1917 3625 Sancti
1931 3563 2008 3624 ladii.

1418 3656 1465 3717 De
1479 3658 1590 3719 Sancto
1604 3659 1754 3720 eduuardo
1768 3668 1901 3736 martyre.

795 3748 952 3827 Mariam.
1419 3751 1560 3830 Reliquiae
1574 3753 1709 3813 desiderii
1725 3753 1867 3830 martyris.

464 3853 511 3914 De
536 3855 678 3932 sanguine
701 3855 802 3916 Sancti
823 3857 957 3938 stephani
985 3859 1204 3936 protomartyris
1232 3869 1261 3919 et
1289 3858 1327 3919 de
1419 3846 1561 3924 Reliquiae
1576 3847 1675 3908 Sancti
1689 3848 1828 3924 pancratii
1839 3846 1978 3924 martyri&

424 3949 551 4027 reliquiis
566 3949 637 4009 eius.
1418 3939 1562 4018 Reliquiae
1577 3941 1676 4002 Sancti
1690 3941 1781 4002 felicis
1795 3960 1890 4019 papae.

464 4042 540 4102 Item
555 4042 601 4103 De
616 4044 710 4122 capite
725 4044 823 4105 Sancti
839 4043 972 4123 stephani
987 4047 1127 4125 martyris.
1418 4032 1912 4114 (Defflss0i0801d52ss0mafiif0·)
1961 4093 1963 4100 ·

465 4136 512 4197 De
525 4137 621 4216 lapide
637 4139 735 4199 Sancti
750 4139 891 4216 stephani.
1417 4128 1477 4209 (De
1488 4130 1614 4208 reliquiis
1629 4131 1727 4191 Sancti
1738 4130 1858 4190 oilarnni
1868 4128 2037 4190 consobrini
2047 4128 2120 4208 petri
2130 4125 2278 4207 apostoli.)

464 4231 511 4292 De
525 4242 627 4293 sancto
640 4233 789 4294 uincendo
803 4245 937 4312 martyre,
1418 4220 1572 4302 (Reliquiae
1589 4224 1687 4286 Sancti
1701 4224 1880 4303 Augustini.)

464 4325 511 4386 De
526 4325 635 4386 Sancto
649 4328 737 4388 uitale
751 4338 884 4406 martyre,
1417 4317 1575 4399 (Reliquiae
1589 4319 1689 4380 Sancti
1704 4319 1845 4380 Germani
1860 4317 2097 4379 autisiodorensis
2111 4314 2264 4395 episcopi.)

465 4420 511 4480 De
531 4423 659 4481 carbone
681 4421 781 4483 Sancti
801 4421 932 4482 laurentii
947 4423 1077 4500 martyris
1092 4421 1133 4503 (et
1147 4423 1185 4485 de
1199 4423 1325 4502 reliquiis
1418 4411 1560 4491 Reliquiae
1575 4412 1674 4474 Sancti
1687 4415 1762 4492 petri
1776 4414 1900 4474 diaconi.
1984 4451 2012 4463 .-

425 4514 508 4594 eius).
1418 4507 1560 4586 Reliquiae
1575 4508 1676 4569 Sancti
1689 4508 1821 4568 maurilii.

464 4608 512 4669 De
527 4608 636 4669 Sancto
651 4611 819 4671 sebastiano
832 4622 964 4690 martyre,
1419 4601 1562 4680 Reliquiae
1576 4602 1676 4664 Sancti
1690 4597 1861 4684 W[u]lmari
1874 4599 2059 4662 confessoris.

464 4703 512 4763 De
526 4704 666 4782 Reliquiis
680 4704 805 4765 Tiburtii
818 4715 849 4766 et
862 4706 999 4766 ualeriani
1015 4718 1182 4786 martyrum.
1418 4695 1561 4774 Reliquiae
1575 4691 1742 4779 Wtuuali[i]
1757 4696 1942 4757 confessoris.

464 4797 512 4857 De
526 4799 641 4858 ossibus
656 4799 755 4859 Sancti
769 4799 909 4860 laurentii.
1419 4790 1563 4868 Reliquiae
1577 4791 1695 4868 crispini
1710 4789 1895 4852 contessoris.

465 4891 621 4970 (Reliquiae
637 4892 735 4953 Sancti
749 4893 853 4971 quirini
867 4894 1019 4974 martyris.)
1419 4884 1562 4962 Reliquiae
1577 4883 1675 4947 Sancti
1690 4885 1813 4944 siluestri
1828 4881 2013 4944 confessoris.

465 4985 609 5064 Reliquiae
624 4986 723 5047 Sancti
739 4987 894 5047 sebastiani
907 4989 1046 5065 martyris.
1419 4979 1562 5058 Reliquiae
1577 4978 1677 5038 Sancti
1692 4979 1761 5056 galli
1775 4979 1915 5056 episcopi.

466 5080 609 5158 Reliquiae
624 5079 722 5140 Sancti
737 5081 853 5141 crisanti
867 5093 897 5142 et
911 5081 991 5158 darie
1005 5090 1172 5160 martymm.
1419 5075 1466 5135 De
1480 5072 1620 5154 (reliquiis
1633 5073 1675 5152 et)
1689 5073 1784 5134 cilicio
1799 5073 1898 5132 Sancti
1913 5071 2048 5150 Remigii.

465 5173 607 5254 Requuiae
623 5174 722 5234 Sancti
737 5176 839 5235 urbani
853 5194 931 5253 pape
945 5178 1087 5255 martyris.
1419 5168 1561 5246 Reliquiae
1576 5167 1676 5229 Sancti
1689 5168 1750 5245 lupi
1765 5167 1905 5245 episcopi.

465 5267 606 5346 Reliquiae
622 5267 721 5328 Sancti
734 5268 827 5330 uitalis
841 5270 982 5346 martyris.
1418 5261 1465 5322 De
1479 5262 1590 5340 capillis
1605 5261 1705 5323 Sancti
1719 5260 1843 5342 (T)uti².

466 5361 544 5422 Ossa
558 5361 657 5422 Sancti
671 5362 787 5423 candidi
801 5365 941 5441 martyris.

465 5453 512 5514 De
526 5455 621 5533 capite
637 5466 665 5516 et
681 5455 821 5534 Reliquiis
835 5457 936 5517 Sancti
948 5459 1060 5538 georgii
1076 5459 1218 5537 martyris.

1410 5423 1419 5452 ¹
1436 5423 1461 5472 A
1473 5423 1547 5472 small
1559 5421 1612 5472 ‘m'
1623 5438 1657 5473 on
1672 5423 1715 5474 the
1729 5424 1825 5489 margin
1842 5423 1905 5475 calls
1921 5421 2044 5472 attention
2062 5427 2089 5471 to
2107 5420 2150 5471 the
2167 5420 2217 5470 {act
2229 5420 2284 5470 that

466 5547 609 5626 Reunia
623 5549 722 5610 saneti
737 5550 913 5629 intonans
928 5553 1061 5631 episcopi
1076 5563 1106 5612 et
1120 5553 1262 5631 manans·
1378 5501 2284 5634 litttttttittttittti....nnana·

467 5641 609 5720 Reliquiae
625 5643 724 5705 Sancti
739 5645 863 5724 quintini
877 5646 1019 5726 martyris.
1378 5658 1679 5724 substitutedbyatater
1689 5658 1767 5710 hand.
