5122 6610
747 606 997 682 brachiotum.

420 603 496 700 '2'24'

420 805 635 872 luminaribus
666 803 849 868 misceatur.
895 801 1066 866 Flammas
1095 801 1166 865 eius
1203 800 1318 866 luciler

421 909 602 970 matutinus
641 904 798 978 inueniat,
833 901 903 978 Ille,
934 903 1082 984 inquam,
1116 901 1230 965 lucifer
1262 903 1318 983 qui

419 1007 524 1071 nescit
559 1024 722 1078 occasum,
752 1002 813 1066 Ille
844 1002 900 1085 qui
931 1022 1097 1083 regressus
1130 1002 1173 1065 ab
1211 1001 1320 1064 inferis

419 1105 566 1170 humano
580 1106 692 1188 generi
708 1123 841 1167 serenus
857 1101 988 1165 inluxit.

823 1265 915 1330 Alia.

463 1394 640 1460 Precamur
650 1413 729 1475 ergo
741 1403 783 1468 te,
796 1393 939 1466 domine,
953 1401 990 1455 ut
1006 1410 1066 1455 nos
1077 1388 1218 1454 famulos
1234 1399 1318 1463 tuos,

419 1514 552 1559 omnem
580 1494 704 1557 clerum
730 1502 763 1556 et
786 1491 1038 1556 deuotissimum
1062 1489 1231 1572 populum,
1254 1510 1319 1553 una

419 1614 494 1659 cum
508 1594 700 1658 beatissimo
716 1612 803 1675 papa
814 1599 926 1654 nostro
939 1589 994 1654 .ill.
1008 1590 1119 1672 quiete
1131 1600 1319 1668 temporum

419 1713 584 1768 concessa,
610 1694 643 1755 in
665 1690 716 1755 his
739 1690 949 1776 paschalibus
973 1689 1103 1772 gaudiis
1126 1708 1319 1752 conseruare

419 1793 570 1876 digneris.
617 1792 680 1856 Per
697 1791 870 1855 dominum
887 1798 1045 1855 nostrum.

582 2020 748 2084 bruchton
770 2021 872 2090 [untia
894 2019 989 2089 lactis,
1012 2023 1040 2082 tt
1059 2018 1163 2081 mellis.

429 2151 432 2160 ’
463 2155 617 2231 Benedic,
630 2155 774 2230 domine,
791 2165 825 2218 et
839 2153 900 2217 has
918 2161 1083 2217 creaturas
1094 2151 1204 2226 fontis,
1217 2150 1320 2226 lactis,

421 2266 454 2320 et
471 2256 587 2330 mellis,
604 2265 638 2319 et
654 2263 734 2337 pota
749 2252 892 2317 famulos
908 2263 984 2316 tuos
1000 2250 1121 2315 dehoc
1141 2250 1232 2314 sonte
1248 2271 1320 2334 per-

421 2357 507 2433 enni,
529 2356 587 2438 qui
614 2374 648 2418 es
676 2354 809 2437 spiritus
833 2354 990 2426 ueritatis,
1015 2361 1048 2415 et
1071 2352 1176 2413 enutri
1200 2370 1257 2414 eos
1279 2351 1322 2414 de

421 2455 485 2519 hoc
508 2453 607 2519 melle
622 2464 656 2518 et
670 2453 776 2530 lacte;
798 2452 852 2516 Tu
869 2453 966 2526 enim,
984 2451 1128 2524 domine,
1144 2450 1321 2532 promisisti

422 2555 572 2637 patribus
595 2555 725 2627 nostris,
746 2551 878 2627 abrahe,
897 2553 994 2622 isaac,
1011 2561 1045 2615 et
1067 2550 1169 2628 iacob,
1186 2549 1321 2613 dicens:

422 2655 636 2718 Introducam
652 2673 712 2717 uos
729 2654 761 2716 in
778 2663 898 2717 terram
917 2650 1186 2734 repromissionis,
1199 2658 1321 2712 terram

422 2753 580 2819 fluentem
596 2753 698 2818 lacet
715 2752 790 2816 mel.
823 2751 1004 2831 Coniunge,
1021 2749 1164 2824 domine,
1181 2747 1322 2811 famulos

424 2862 500 2930 tuos
515 2853 642 2936 spiritui
658 2862 781 2925 sanct0‚
798 2853 882 2915 sicut
898 2851 1109 2914 coniunctum
1126 2857 1177 2911 est
1192 2846 1255 2912 hoc
1271 2846 1321 2910 lac

422 2961 456 3017 et
473 2951 538 3016 mel
554 2953 587 3016 in
603 2951 726 3017 christo
740 2950 835 3016 ihesu
850 2951 988 3016 domino
1000 2957 1122 3026 nostro,
1139 2967 1320 3032 perquem,

421 3052 542 3129 omnia,
559 3051 693 3116 domine
704 3049 726 3116 ¹.

726 3281 895 3347 ltmthirtio
916 3281 1013 3363 panis.

469 3415 637 3480 Benedico
649 3426 692 3492 te,
703 3425 853 3480 creatura
864 3415 968 3498 panis,
981 3414 1015 3477 in
1026 3414 1159 3477 nomine
1171 3412 1273 3494 patris
1288 3419 1322 3474 et

423 3514 491 3591 filii,
503 3525 537 3580 et
552 3517 685 3598 spiritus
700 3515 814 3590 sancti,
828 3534 887 3596 per
902 3516 1057 3578 uirtutem
1072 3511 1237 3593 dominice
1248 3531 1322 3592 pas·

421 3617 523 3680 sionis
546 3623 579 3678 et
603 3615 847 3678 resurrectionis
862 3635 882 3678 a
897 3615 1045 3688 mortuis,
1062 3621 1099 3677 ut
1117 3610 1321 3675 sanctificata

422 3716 514 3779 uerbi
530 3715 583 3778 dei
599 3714 865 3778 benedictionem
877 3733 1026 3777 assumas
1037 3713 1196 3776 aduersus
1207 3729 1322 3773 omnes

422 3813 585 3897 nequitias
611 3813 782 3895 spiritales,
806 3821 840 3878 et
863 3814 1030 3876 uniuersas
1052 3809 1251 3874 ualitudines
1274 3811 1322 3873 in-

422 3913 661 3995 firmitatesque
674 3913 906 3988 membrorum,
919 3921 956 3977 ut
967 3913 1154 3993 quicunque
1166 3918 1200 3972 te
1211 3929 1322 3991 sump-

423 4014 535 4085 serint,
560 4013 604 4076 sis
627 4013 673 4076 eis
696 4013 729 4075 in
752 4011 891 4075 tutelam
915 4012 1034 4074 mentis
1057 4018 1091 4074 et
1113 4010 1266 4091 corporis,
1289 4010 1322 4071 in

422 4112 582 4176 honorem
620 4113 745 4176 domini
779 4113 880 4174 nostri
912 4109 1005 4174 ihesu
1034 4107 1155 4182 christi,
1186 4109 1242 4190 qui
1272 4117 1322 4172 est

424 4212 618 4277 benedictus
633 4212 666 4274 in
682 4209 804 4274 saecula
819 4209 1025 4276 saeculorum.
1070 4206 1191 4272 Amen.

826 4369 918 4435 Alia.

468 4497 775 4576 Benedic,domine,
785 4495 871 4561 hanc
881 4504 1065 4562 creaturam
1081 4515 1202 4559 nouam
1218 4495 1322 4576 panis,

422 4601 507 4663 sicut
526 4597 728 4662 benedixisti
744 4599 891 4680 quinque
909 4617 1013 4682 panes
1029 4597 1062 4657 in
1082 4596 1212 4659 deserto
1228 4596 1322 4676 quin·

423 4719 488 4782 que
511 4697 657 4761 millibus
679 4696 850 4760 hominum
874 4692 1130 4780 saturatis(ndis)
1146 4703 1182 4758 ut
1198 4695 1242 4758 sit
1264 4695 1323 4758 do-

424 4799 521 4862 minis
545 4797 693 4862 eiusdem
716 4796 891 4860 abundans
915 4796 948 4857 in
968 4814 1092 4860 annum
1118 4793 1321 4870 alimentum,

423 4907 661 4980 gustantesque
679 4916 723 4960 ex
740 4916 779 4960 eo
799 4895 962 4977 accipiant
977 4903 1046 4957 tam
1062 4895 1207 4976 corporis
1222 4914 1322 4976 quam

423 4999 534 5078 anime
552 4998 738 5061 sanitatem.
783 4994 851 5078 Qui
874 4994 958 5057 uiuis
981 5002 1014 5058 et
1035 5013 1153 5076 regnas
1168 5014 1243 5059 cum
1259 4995 1323 5060 deo

423 5106 518 5181 patre
528 5093 551 5161 ².

658 5254 826 5319 hmrhirtin
846 5271 911 5318 ona
929 5255 978 5318 acl
998 5253 1079 5319 talia.
1108 5293 1111 5300 ι

468 5387 623 5465 Benedic,
646 5387 788 5462 domine,
811 5387 874 5451 hos
897 5387 1150 5453 sructus'nouos
1172 5407 1246 5450 uuae
1269 5385 1323 5450 uel

684 5578 694 5608 ¹
710 5577 740 5627 L.
752 5593 777 5642 p.
790 5578 846 5641 318.

685 5653 696 5685 ¹
711 5655 743 5708 V.
755 5671 780 5722 p.
796 5669 850 5722 ²²9·
859 5654 920 5706 with
932 5655 1076 5706 variatione.

1691 599 1947 678 hinnitibus.

1372 800 1456 883 sabq,
1468 821 1551 884 quos
1562 809 1609 875 tu,
1620 799 1760 874 domine,
1771 819 1830 881 per
1842 819 1947 863 rorem
1964 798 2045 872 caeli,
2059 809 2092 863 et
2108 801 2269 864 inundan-

1372 903 1453 965 tiam
1472 901 1667 983 pluuiarum,
1692 908 1725 964 et
1748 908 1898 981 tempora
1921 919 2035 963 serena
2056 909 2158 983 atque
2180 910 2270 965 tran·

1372 999 1483 1083 quilla,
1515 1002 1559 1065 ad
1585 1000 1811 1063 maturitatem
1843 1000 2020 1080 perducere
2049 999 2205 1083 dignatus
2234 1021 2270 1064 es

1373 1101 1414 1165 ad
1428 1101 1675 1182 percipiendum
1692 1100 1786 1163 nobis
1802 1119 1876 1162 cum
1892 1101 2071 1180 gratiarum
2087 1100 2225 1175 actione,
2236 1101 2269 1164 in
2301 1129 2304 1136 ’

1372 1201 1507 1264 nomine
1523 1201 1647 1264 domini
1663 1199 1765 1262 nostri
1783 1199 1876 1262 ihesu
1894 1198 2016 1275 christi,
2032 1200 2088 1281 qui
2103 1209 2153 1264 est
2169 1201 2269 1265 bene·

1373 1301 1479 1364 dictus
1490 1299 1511 1362 ¹.

1646 1424 1813 1489 lssmthittin
1834 1441 1993 1507 pennum.

1374 1593 1377 1600 ·
1415 1557 1467 1622 Te
1482 1559 1707 1641 deprecamur,
1719 1558 1929 1640 omnipotens
1941 1560 2032 1634 deus,
2045 1568 2082 1622 ut
2094 1560 2270 1624 benedicas

1372 1658 1459 1722 hunc
1474 1658 1616 1722 fructum
1633 1678 1755 1721 nouum
1772 1678 1957 1740 pomorum,
1973 1661 2081 1741 utqui
2097 1681 2154 1724 esu
2170 1661 2270 1724 inter-

1373 1759 1472 1822 dictae
1487 1757 1611 1821 arboris
1630 1757 1753 1821 loetalis
1773 1759 1865 1840 pomi
1887 1760 1920 1820 in
1936 1769 2170 1841 protoparente
2186 1761 2271 1824 iuste

1372 1856 1494 1920 funeris
1523 1858 1685 1921 sententia
1710 1857 1842 1921 multati
1866 1879 1988 1934 sumus,
2013 1879 2073 1941 per
2092 1859 2271 1924 inlustrati-

1374 1977 1470 2021 onem
1496 1958 1580 2020 unici
1606 1957 1663 2020 filii
1686 1959 1734 2020 tui
1759 1957 1984 2040 redemptoris,
2008 1959 2061 2023 dei
2084 1979 2123 2023 ac
2146 1960 2271 2023 domini

1374 2057 1475 2120 nostri
1503 2056 1595 2121 ihesu
1620 2057 1741 2133 christi,
1772 2067 1806 2120 et
1832 2059 1964 2140 spiritus
1988 2059 2092 2123 sancti
2116 2059 2271 2123 benedic·

1374 2157 1508 2232 tionem,
1529 2158 1733 2222 sanctificata
1753 2158 1865 2222 omnia
1886 2167 1987 2242 atque
2008 2159 2191 2234 benedicta,
2214 2160 2272 2223 de·

1375 2256 1478 2338 pulsis
1501 2266 1602 2339 atque
1620 2257 1758 2322 abiectis
1781 2259 1902 2321 uetusti
1923 2256 2029 2322 hostis
2051 2268 2153 2342 atque
2174 2258 2272 2341 primi

1374 2355 1527 2420 facinoris
1552 2357 1727 2421 incentoris
1750 2358 1886 2432 insidiis,
1909 2358 2083 2422 salubriter
2106 2380 2149 2422 ex
2175 2358 2273 2423 huius

1374 2456 1439 2520 diei
1472 2457 1693 2520 anniuersaria
1730 2455 1975 2539 sollempnitate
2012 2459 2148 2523 diuersis
2185 2469 2273 2542 terre

1374 2557 1510 2620 edendis
1550 2556 1751 2638 germinibus
1787 2555 1940 2620 fruamur.
2000 2557 2063 2623 Per
2099 2559 2271 2623 dominum

1375 2667 1523 2719 nostrum
1536 2654 1557 2722 ².

1550 2880 1715 2946 lssrmhhtin
1736 2899 1885 2965 pomorum
1906 2882 2093 2948 nunctiant.

1422 3014 1608 3092 Sanctifica,
1633 3015 1777 3090 domine,
1800 3037 1912 3098 poma,
1935 3027 1968 3083 et
1991 3036 2099 3092 nuceS,
2123 3013 2272 3080 nucleos-

1374 3137 1447 3197 que,
1465 3126 1498 3181 et
1514 3135 1630 3178 omnes
1645 3114 1768 3178 fructus
1783 3126 1853 3181 tarn
1869 3116 2023 3180 arborum
2039 3135 2139 3198 quam
2155 3115 2273 3179 herba-

1374 3237 1455 3292 rum,
1468 3217 1525 3299 qui
1541 3224 1599 3279 tuo
1616 3216 1754 3297 imperio
1770 3235 1865 3278 usum
1881 3215 2034 3280 omnibus
2049 3215 2273 3279 animantibus

1374 3316 1522 3399 prebent,
1539 3335 1598 3398 per
1613 3325 1656 3389 te,
1674 3314 1766 3378 ihesu
1782 3315 1915 3391 christe,
1931 3315 1987 3399 qui
2010 3316 2094 3379 uiuis
2106 3324 2139 3379 et
2155 3335 2274 3398 regnas

1373 3419 1406 3480 in
1421 3415 1542 3480 saecula
1558 3413 1762 3480 saeculorum.

1585 3661 1752 3726 &metietis
1773 3664 1809 3724 ah
1829 3661 2055 3741 hagionoros.

1418 3798 1573 3872 Domine,
1611 3805 1724 3861 sancte
1761 3806 1865 3878 pater,
1904 3795 2114 3878 omnipotens
2151 3802 2274 3859 aeteme

1374 3899 1464 3974 deus,
1496 3898 1553 3980 qui
1582 3896 1711 3971 calum,
1742 3906 1776 3959 et
1805 3905 1937 3973 terram,
1967 3915 2067 3971 mare,
2098 3891 2147 3958 et‘
2161 3895 2274 3957 omnia

1373 3998 1509 4075 creasti;
1535 4007 1568 4061 te
1583 3997 1748 4080 supplices
1768 4016 1956 4078 quesumus,
1972 4005 2008 4060 ut
2023 3996 2110 4059 hunc
2130 3995 2273 4058 fructum

1374 4116 1497 4160 nouum
1508 4096 1704 4160 benedicere
1720 4105 1752 4160 et
1768 4094 1971 4160 sanctificare
1986 4095 2129 4177 digneris
2142 4103 2176 4158 et
2188 4093 2272 4155 mul-

1373 4197 1522 4280 tiplicare
1533 4195 1766 4260 habundanter
1776 4195 1989 4260 offerentibus
2004 4195 2074 4270 tibi,
2085 4202 2119 4257 et
2133 4192 2273 4276 impleas

1375 4315 1488 4360 eorum
1511 4296 1641 4361 cellaria
1663 4315 1738 4360 cum
1754 4295 1946 4359 fortitudine
1965 4292 2120 4358 frumenti
2141 4303 2175 4356 et
2195 4291 2273 4366 uini,

1374 4405 1411 4459 ut
1427 4395 1578 4460 laetantes
1598 4395 1631 4458 in
1651 4396 1699 4460 eis
1721 4394 1862 4458 reserant
1884 4394 1944 4458 tibi
1967 4395 2031 4458 deo
2053 4391 2274 4478 omnipotenti

1374 4494 1491 4560 laudes
1507 4504 1540 4560 et
1555 4496 1687 4580 gratias.
1732 4493 1802 4558 Per.

1698 4727 1865 4793 erhirttn
1884 4727 1957 4792 uini.

1419 4863 1572 4939 Domine,
1593 4863 1804 4947 omnipotens
1826 4861 1956 4937 christe,
1979 4861 2035 4944 qui
2060 4880 2103 4922 ex
2128 4859 2275 4941 quinque

1375 4964 1516 5048 panibus
1532 4972 1566 5028 et
1581 4963 1710 5028 duobus
1725 4962 1869 5044 piscibus
1885 4961 2029 5044 quinque
2050 4957 2152 5022 millia
2167 4957 2276 5021 homi·

1375 5084 1454 5128 num
1470 5065 1607 5139 satiasti,
1625 5073 1658 5127 et
1674 5063 1707 5136 in
1722 5061 1828 5126 chana
1849 5059 1969 5144 galilee
1989 5081 2033 5124 ex
2055 5079 2142 5141 aqua
2160 5059 2274 5122 uinum

1374 5163 1488 5240 fecisti,
1503 5163 1560 5245 qui
1577 5183 1612 5226 es
1627 5161 1704 5226 uitis
1724 5181 1820 5239 uera3
1844 5158 2028 5242 multiplica
2047 5178 2146 5240 super
2161 5177 2275 5221 seruos

1374 5272 1449 5327 tuos
1470 5261 1725 5326 misericordiam
1744 5261 1878 5347 pietatis
1897 5269 1974 5334 tuae,
1991 5256 2275 5340 quemadmodum

1374 5362 1481 5427 iecisti
1505 5381 1581 5426 cum
1605 5361 1754 5443 patribus
1777 5360 1895 5423 nostris
1918 5359 1950 5421 in
1973 5368 2030 5422 tua
2054 5355 2277 5421 misericordia

1375 5460 1602 5546 sperantibus;
1626 5470 1661 5524 et
1682 5459 1876 5524 benedicere
1891 5467 1924 5522 et
1940 5456 2144 5522 sanctificare
2158 5457 2275 5538 digne-

1473 5651 1483 5682 ¹
1498 5651 1654 5705 Seelol.182
1668 5652 1693 5703 b.
1987 5647 1997 5677 ¹
2013 5647 2070 5700 Gel.
2083 5664 2109 5715 p.
2121 5655 2177 5711 747.
