5122 6610
395 569 464 656 136
553 563 640 651 ἑξ.
656 557 829 653 vassu,
846 565 1091 642 lettnttlattoe.

684 764 746 830 Ad
763 764 991 848 complendum.

434 891 564 957 Reiecti
585 892 672 974 cybo
687 899 835 976 potuque
858 891 991 969 caelesti,
1012 891 1095 957 deus
1118 901 1239 971 noster,
1255 904 1290 958 te

389 991 553 1075 supplices
569 1011 755 1069 exoramus,
774 1000 812 1055 ut
832 992 866 1055 in
881 992 973 1055 cuius
994 989 1067 1055 haec
1090 1013 1290 1058 commemo-

389 1093 516 1157 ratione
539 1091 755 1176 percepimus,
771 1091 842 1157 eius
865 1091 1052 1157 muniamur
1071 1102 1106 1158 et
1127 1092 1289 1176 precibus.

389 1192 475 1256 Per!

435 1387 491 1454 nt.
511 1387 570 1454 tn
591 1389 647 1455 tri.
666 1388 779 1455 linteis
800 1390 895 1455 sancti
913 1391 1050 1455 uincmtii
1070 1392 1237 1472 martyris&

431 1519 572 1598 Adesto,
605 1542 791 1605 quesumus,
825 1525 968 1603 domine,
995 1523 1289 1608 supplicationibus

388 1622 515 1699 nostris,
532 1623 640 1706 utqui
657 1644 701 1687 ex
716 1624 891 1707 iniquitate
914 1635 1026 1690 nostra
1041 1645 1114 1690 reos
1135 1645 1195 1691 nos
1217 1647 1290 1691 esse

387 1720 628 1804 cognoscimus,
648 1723 738 1788 beati
760 1725 917 1790 uincentii
940 1724 1096 1809 martyris
1118 1725 1167 1790 tui
1190 1727 1289 1791 inter-

387 1821 534 1885 cessione
548 1821 735 1890 liberemur.
780 1824 866 1889 Pers

769 1972 907 2038 Secreta.

432 2096 628 2163 Muneribus
637 2100 1111 2183 nostrisquesumusdomine,
1121 2102 1288 2184 precibus·

386 2218 452 2280 que
461 2200 630 2283 susceptis,
643 2210 677 2265 et
691 2201 880 2266 caelestibus
895 2221 955 2266 nos
972 2202 1096 2267 munda
1111 2203 1287 2285 mysteriis,

286 2291 288 2298 ’
319 2297 321 2302 ’
388 2309 422 2363 et
438 2297 618 2364 clementer
634 2300 769 2364 exaudi.
815 2301 878 2366 Per
892 2301 1065 2366 dominum
1081 2311 1253 2368 nostrum.⁷

748 2448 923 2533 Proefatio.

431 2572 475 2638 U.
492 2572 534 2639 D.
557 2594 617 2657 per
639 2573 799 2640 christum
822 2576 995 2641 dominum
1018 2585 1177 2640 nostrum.
1223 2575 1287 2641 Pro

387 2673 479 2738 cuius
495 2673 627 2738 nomine
642 2673 804 2758 gloriosus
819 2676 922 2742 lenita
943 2675 1126 2741 uincentius
1141 2686 1176 2741 et
1194 2675 1288 2741 miles

387 2772 528 2837 inuictus
558 2773 663 2856 rapidi
689 2774 795 2839 hostis
820 2775 982 2840 insaniam
1008 2775 1174 2840 interritus
1197 2776 1288 2854 adiit,

388 2873 558 2938 modestus
573 2875 736 2954 sustinuit,
748 2895 881 2940 securus
896 2876 1010 2955 inrisit,
1022 2874 1138 2941 Sciens
1153 2885 1288 2957 paratus

388 2993 459 3036 esse
489 2983 527 3038 ut
563 2973 738 3050 resisteret,
770 2975 919 3040 nesciens
949 2975 1055 3040 elatus
1095 2995 1168 3040 esse
1197 2975 1287 3058 quod

386 3072 542 3151 uinceret,
573 3073 613 3137 ln
650 3082 791 3159 utroque
825 3075 951 3139 domini
965 3069 969 3080 '
984 3095 1023 3140 ac
1057 3076 1205 3158 magistri
1238 3076 1288 3138 sui

386 3173 526 3256 uestigia
544 3192 696 3256 sequens,
712 3174 769 3256 qui
793 3183 828 3238 et
849 3173 1047 3241 humilitatis
1065 3175 1288 3257 custodiende,

388 3281 422 3336 et
434 3271 477 3338 de
488 3272 640 3338 hostibus
651 3273 877 3358 triumphandi
889 3274 1120 3358 subsequenda
1132 3274 1289 3358 exempla

386 3373 593 3437 monstrauit.
637 3372 699 3438 Per
713 3394 813 3457 quem
830 3373 1038 3440 maiestatem
1054 3383 1146 3438 tuam
1156 3373 1179 3438 ².

680 3522 742 3587 Ad
758 3521 987 3606 complendum.

430 3645 630 3730 Quesumus,
651 3649 865 3733 omnipotens
888 3650 979 3724 deus,
1004 3628 1121 3731 utqui
1145 3648 1289 3714 caelestia

385 3745 543 3812 alimenta
571 3749 788 3832 percepimus,
819 3748 1045 3813 intercedente
1078 3747 1181 3812 beato
1218 3749 1290 3812 uin-

387 3847 496 3910 centio
509 3857 654 3932 martyre
669 3857 737 3924 tuo,
750 3869 809 3932 per
822 3848 884 3930 hec
900 3857 1014 3913 contra
1025 3847 1139 3913 omnia
1149 3848 1290 3914 aduersa

387 3947 582 4011 muniamur.
629 3947 714 4012 Per.⁷

461 4181 494 4248 a.
514 4180 574 4248 ital.
594 4181 649 4246 feb.
668 4180 781 4247 Natali
802 4189 969 4249 sancierunt
990 4187 1173 4251 rmnrntiani
1194 4193 1221 4251 tt

661 4277 797 4355 mariani
810 4287 971 4364 sangrum
980 4282 1001 4348 ⁸.

429 4411 599 4479 Maiestati
621 4421 688 4477 tuae
710 4397 787 4491 nos,
799 4414 942 4496 domine,
962 4425 1145 4500 martyrum
1165 4416 1289 4501 suppli·

892 4673 920 4712 v.
936 4661 1101 4714 Desiderium.

893 4751 938 4789 ΑΙ..
950 4741 1042 4790 Beatus
1053 4741 1100 4796 nir,

894 4828 939 4867 os.
950 4818 1048 4868 Gloria.

895 4908 938 4948 co.
949 4897 999 4962 Qui
1011 4897 1072 4947 uult.

417 4663 426 4693 ¹
441 4677 469 4714 Α.
480 4664 618 4714 letabitur.

444 4755 482 4796 ss
500 4743 607 4800 Exaudi,
629 4743 698 4802 deus,
719 4741 809 4792 oratio·

514 4837 580 4873 nem.

443 4914 471 4952 a.
483 4901 600 4951 Posuisti.

414 4979 425 5008 ¹
442 4979 474 5030 Ο.
486 4995 510 5044 p.
523 4991 577 5044 ²95·
590 4979 616 5028 L

414 5058 425 5088 ²
441 5069 468 5107 Α.
479 5057 551 5109 Salus
562 5064 653 5108 nutem.

442 5148 480 5186 rs
492 5135 554 5186 Noli
565 5135 676 5186 emulari.

894 5065 938 5102 nr..
951 5053 1091 5104 Exultauit.

894 5131 1084 5182 or.Mirabilie.

443 5227 470 5266 R.
481 5214 616 5266 Iustorum.
894 5222 937 5263 00.
949 5212 1083 5262 Iustorum.

442 5303 470 5341 v.
480 5292 536 5343 Uisi
548 5299 613 5344 sunt.

416 5369 585 5432 Emereqtiani
603 5371 626 5420 is
642 5387 658 5420 a
676 5369 782 5420 mistalre
802 5366 840 5418 ior
861 5367 1050 5419 Emerentianoe.
1083 5366 1236 5430 Macharius,
1256 5384 1289 5418 an

383 5450 511 5515 Egyptian
522 5449 609 5508 abbot,
621 5448 644 5499 is
655 5447 866 5499 commemorated
877 5445 954 5512 along
965 5446 1026 5497 with
1036 5445 1081 5496 her
1092 5462 1125 5497 on
1139 5447 1191 5496 this
1202 5446 1252 5511 day
1263 5447 1289 5496 in

383 5527 488 5578 mother
504 5525 570 5577 hs.
586 5526 714 5578 Kalendcr
730 5526 827 5576 written
843 5540 865 5576 c.
885 5537 956 5590 103¹·
995 5525 1063 5576 Cott.
1075 5523 1161 5576 Vitell.
1178 5525 1208 5578 E.
1221 5524 1289 5576 xviii.

383 5605 508 5656 audini„

1604 569 1783 646 &intersis
1800 570 1849 658 52·
1867 570 1981 664 bauli.

1343 767 1430 833 catio
1445 769 1544 834 beata
1559 769 1719 849 conciliet,
1733 778 1772 834 ut
1786 770 1844 854 qui
1858 771 1987 837 actibus
2002 772 2121 837 nostris
2136 771 2240 839 inces-

1342 877 1453 932 santer
1472 868 1679 948 offendimus,
1695 869 1856 935 iustorum
1882 873 2034 956 precibus
2058 873 2239 956 expiemur.

1343 967 1405 1032 Per
1419 969 1590 1033 dominum
1605 981 1755 1035 nostnim
1765 967 1787 1033 ¹.

1722 1131 1863 1199 Secreta.

1385 1254 1537 1339 Accepta
1547 1256 1609 1322 tibi
1624 1258 1676 1337 sit,
1687 1257 1830 1336 domine,
1848 1267 1974 1343 sacrate
1989 1258 2096 1343 plebis
2107 1258 2240 1340 oblatio,

1341 1373 1401 1438 pro
1413 1364 1544 1420 tuorum
1558 1356 1684 1421 honore
1698 1367 1896 1434 sanctorum,
1908 1379 2048 1441 quorum
2065 1359 2188 1424 meritis
2204 1382 2240 1425 se

1341 1455 1527 1539 percepisse
1556 1456 1589 1520 in
1620 1457 1833 1523 tribulatione
1871 1459 2039 1542 cognoscit
2068 1459 2239 1523 auxilium.

1343 1553 1404 1619 Per
1413 1553 1437 1620 ².

1636 1643 1697 1707 Ad
1715 1642 1941 1726 comphndum.

1385 1766 1572 1850 Martyrum
1594 1777 1727 1833 tuorum
1751 1787 1820 1842 nos,
1839 1767 1983 1844 domine,
2003 1789 2135 1852 semper
2155 1769 2239 1836 festa

1341 1865 1506 1949 letificent,
1523 1878 1557 1933 et
1577 1888 1717 1952 quorum
1733 1867 1938 1932 celebramus
1961 1867 2115 1935 meritum
2136 1889 2237 1953 expe·

1340 1966 1461 2030 riamur
1474 1968 1645 2032 auxilium.
1691 1969 1752 2033 Per
1760 1966 1783 2032 ³.

1368 2193 1480 2262 nihi.
1500 2195 1560 2261 itai
1580 2196 1635 2262 feb.
1656 2196 1821 2262 dentosis
1841 2198 1935 2262 sanni
1955 2199 2038 2280 pauli
2059 2200 2214 2279 apestoli‘.

1384 2330 1485 2405 Deus,
1516 2330 1574 2412 qui
1604 2330 1793 2394 uniuersum
1832 2331 1992 2396 mundum
2025 2331 2116 2398 beati
2149 2332 2237 2416 pauli

1339 2429 1480 2511 apostoli
1504 2429 1553 2494 tui
1575 2429 1800 2512 predicatione
1814 2430 1964 2510 docuisti,
1979 2432 2024 2495 da
2039 2432 2142 2509 nobis,
2158 2453 2236 2514 que-

1339 2551 1462 2609 sumus,
1478 2541 1514 2596 ut
1532 2533 1588 2615 qui
1604 2533 1673 2595 eius
1688 2532 1789 2596 hodie
1804 2534 2090 2598 conuersationem
2102 2533 2237 2599 colimus

1340 2651 1398 2714 per
1414 2631 1483 2696 eius
1498 2633 1542 2696 ad
1557 2640 1592 2696 te
1607 2631 1764 2714 exempla
1779 2633 1980 2716 gradiamur.
2026 2631 2088 2699 Per
2097 2633 2120 2696 ⁶.

1708 2879 1710 2884 Ι
1721 2792 1860 2858 Secreta.

1383 2897 1540 3004 Apostoli
1574 2919 1622 2985 tui
1652 2920 1751 3003 pauli,
1782 2921 1925 2998 domine,
1954 2920 2107 3005 precibus
2133 2922 2237 3006 plebis

1340 3028 1407 3084 tuae
1430 3022 1519 3085 dona
1541 3019 1721 3096 sanctifica,
1737 3029 1774 3084 ut
1797 3042 1871 3105 quae
1894 3030 1954 3085 tuo
1975 3021 2035 3086 tibi
2053 3033 2148 3106 grata
2162 3033 2238 3088 sunt

1339 3120 1491 3185 instituto
1520 3120 1665 3203 gratiora
1692 3120 1774 3184 fiant
1803 3119 1986 3204 patrocinio
2016 3121 2237 3205 supplicantis.

1412 3218 1425 3257 d

1341 3219 1403 3284 per
1426 3267 1433 3282 .
1698 3305 1875 3391 Praefatio.

1385 3431 1429 3498 U.
1454 3431 1498 3496 D.
1525 3441 1648 3496 aeteme
1672 3432 1764 3498 deus.
1809 3432 1857 3498 Et
1884 3427 2120 3519 mai(e)statem
2145 3445 2237 3500 tuam

1340 3530 1533 3615 suppliciter
1544 3552 1692 3606 exorare,
1705 3542 1741 3597 ut
1753 3531 1926 3598 ecclesiam
1937 3543 2038 3611 tuam,
2049 3533 2139 3600 beati
2150 3535 2238 3618 pauli

1340 3631 1484 3713 apostoli
1514 3631 1563 3696 tui
1591 3631 1817 3714 predicatione
1846 3633 2008 3708 edoctam,
2033 3633 2123 3697 nulla
2152 3636 2239 3698 sinas

1341 3729 1469 3795 fallatia
1491 3729 1616 3794 uiolari.
1662 3727 1710 3794 Et
1732 3731 1816 3796 sicut
1838 3732 1871 3796 in
1895 3751 1972 3796 uera
1988 3731 2145 3814 religione
2160 3733 2240 3797 nihil

1342 3850 1477 3895 manere
1491 3831 1680 3906 dinoscitur,
1693 3832 1784 3913 quod
1801 3850 1867 3895 non
1883 3831 1952 3896 eius
1967 3831 2130 3896 condierit
2144 3833 2240 3899 disci-

1341 3930 1440 4014 plina,
1471 3930 1518 3995 ita
1547 3930 1591 3994 ad
1620 3931 1812 4014 peragenda
1841 3951 1881 3995 ea
1910 3952 1985 4013 quae
2019 3930 2140 4007 docuit,
2171 3932 2240 3997 eius

1340 4030 1481 4095 obtentu
1508 4029 1663 4096 fidelibus
1691 4029 1855 4094 tribuatur
1881 4029 2030 4109 efficatia,
2054 4031 2240 4114 sentiatque

1341 4129 1546 4194 credentium
1562 4128 1740 4194 multitudo
1760 4150 1837 4193 eum
1859 4151 1919 4214 pro
1934 4149 1970 4194 se
1987 4131 2077 4213 apud
2092 4139 2127 4195 te
2142 4131 2238 4195 inter·

1341 4249 1514 4308 cessorem,
1524 4249 1624 4313 quem
1634 4228 1757 4294 habere
1768 4231 1925 4313 cognouit
1938 4229 2131 4314 magistrum
2141 4239 2240 4314 atque

1340 4329 1520 4394 doctorem.
1566 4328 1628 4392 Per
1643 4327 1801 4393 christum
1817 4329 1989 4393 dominum
2005 4339 2153 4394 nostrum
2161 4330 2184 4396 ⁷.

1636 4504 1698 4568 Ad
1714 4501 1942 4586 complendum.

1385 4629 1591 4696 Sanctificati
1602 4627 1624 4705 ⁸,
1649 4629 1791 4709 domine,
1814 4630 1949 4695 salutari
1973 4630 2141 4714 mysterio,
2162 4651 2239 4714 que-

1371 4818 1456 4870 ¹Gel.
1467 4817 1562 4884 p.678.
1790 4815 1855 4868 ²11).
1867 4833 1892 4884 p.
1904 4817 1962 4883 679.

1372 4897 1383 4927 ⁸
1399 4897 1438 4946 lb.
1449 4913 1475 4963 p.
1487 4895 1544 4961 678.
1566 4896 1661 4961 Iugiter
1677 4910 1731 4955 nos,
1749 4894 1814 4954 dne..
1827 4901 1969 4948 sanctorum
1989 4903 2088 4948 tuorum
2103 4905 2163 4948 uota
2179 4897 2244 4948 leti·

1339 4975 1420 5035 dcent,
1433 4982 1459 5026 et
1470 4974 1610 5041 patrocinia
1620 4971 1693 5024 nobis
1708 4980 1843 5042 martyrum
1854 4975 1965 5040 ipsorum
1982 4990 2080 5042 semper
2095 4975 2243 5028 iestiuitates

1340 5053 1481 5104 exhibeant.
1515 5052 1569 5103 Per.
1584 5053 1611 5102 Z.

1372 5131 1382 5162 ⁴
1398 5143 1424 5181 Α.
1436 5131 1495 5182 Scio
1506 5130 1545 5180 cui
1557 5129 1657 5180 credidi.
1849 5141 1893 5182 or.
1910 5130 1976 5180 Mihi
1988 5139 2071 5183 autern
2081 5132 2164 5184 nimis.

1848 5221 1892 5262 co.
1909 5209 1991 5260 Amen
2010 5209 2068 5262 dico
2086 5211 2160 5262 nobis
2175 5211 2244 5278 qnod

1932 5305 1984 5339 uos.

1852 5368 1906 5428 (aa.
1918 5366 2007 5418 Saulus
2019 5365 2102 5418 adhuc
2112 5367 2217 5432 spirans.

1853 5457 1899 5495 nv.
1911 5445 1976 5497 Ecce
1988 5461 2034 5496 nos
2044 5445 2208 5512 reliquimus).

1964 5522 2158 5591 'meh

1401 5221 1438 5260 Ps.
1450 5207 1568 5266 Domine,
1580 5208 1701 5274 probasti.

1401 5301 1427 5339 it.
1440 5287 1490 5352 Qui
1501 5293 1618 5352 operatus
1628 5292 1676 5338 est.

1401 5376 1428 5416 v.
1445 5365 1533 5415 Gratia
1544 5363 1585 5415 dei
1596 5367 1622 5414 in
1633 5381 1680 5416 me.

1400 5455 1444 5495 nt.
1457 5443 1580 5500 Gaudete,
1592 5443 1660 5494 iusti.

1373 5522 1560 5588 ‘Epwz
1722 5519 1789 5574 ‘h

1375 5599 1610 5661 'Setiestinos23
1627 5599 1746 5666 E.p.44.
1760 5601 1788 5650 7.
