5116 6608
454 547 528 634 264
576 545 664 622 Dru.
691 545 817 624 oetas.
844 549 892 636 ᾖ.
919 550 991 636 itt
1018 557 1061 630 ab
1085 555 1204 641 illuct.

450 746 588 812 hiericho.
630 749 669 811 Et
695 770 764 815 ecce
788 753 832 816 uir
856 755 975 817 nomine
998 756 1131 830 zacheus,
1153 767 1183 819 et
1205 758 1253 820 hic
1275 759 1349 820 erat¹

449 845 608 926 princeps¹
628 849 859 926 publicanorum,
881 853 994 930 etipse
1016 854 1107 914 diues.
1149 855 1188 914 Et
1208 858 1349 934 querebat

449 941 583 1001 ihesum¹
603 941 701 1002 uidere
710 939 729 1017 ¹,
745 946 809 1022 quis
830 957 915 1018 esset,
931 959 959 1008 et
980 966 1041 1007 non
1058 959 1172 1026 poterat
1187 969 1238 1028 pre
1253 951 1347 1023 turba,

448 1037 519 1114 quia
539 1045 645 1095 statura
663 1037 784 1114 pusillus
802 1051 872 1100 erat.
912 1041 951 1101 Et
971 1060 1143 1120 precurrens
1164 1045 1296 1105 ascendit
1317 1046 1347 1104 in

448 1132 582 1190 arborem
604 1131 783 1192 sicomorum
806 1145 839 1194 ut
860 1135 970 1196 uideret
994 1136 1082 1210 illum,
1102 1139 1171 1215 quia
1195 1139 1263 1199 inde
1286 1152 1348 1201 erat

448 1225 625 1286 transiturus.
666 1225 706 1286 Et
733 1245 801 1286 cum
828 1230 955 1290 uenisset
983 1231 1022 1290 ad
1049 1231 1157 1303 locum,
1186 1234 1347 1310 suspiciens

447 1318 546 1379 ihesus
564 1319 636 1379 uidit
657 1319 745 1394 illum,
759 1331 789 1380 et
809 1323 881 1382 dixit
899 1323 937 1384 ad
958 1341 1046 1384 eum:
1069 1326 1192 1399 Zachee,
1208 1326 1346 1390 festinans

447 1413 602 1486 descende,
616 1415 685 1492 quia
698 1414 786 1474 hodie
799 1417 830 1474 in
849 1416 941 1479 domo
959 1429 1009 1479 tua
1022 1430 1139 1496 oportet
1152 1439 1200 1480 me
1219 1438 1346 1483 manere.

445 1506 485 1568 Et
506 1508 646 1569 testinans
667 1509 826 1582 descendit,
839 1521 869 1570 et
888 1513 1003 1589 excepit
1024 1513 1103 1572 illum
1124 1515 1266 1591 gaudens.
1307 1516 1346 1576 Et

446 1621 515 1664 cum
536 1603 667 1663 uiderent
687 1621 800 1678 omnes,
817 1608 1045 1679 murmurabant,
1060 1608 1189 1668 dicentes
1206 1609 1287 1687 quod
1308 1611 1345 1669 ad

445 1700 597 1760 homiuem
611 1711 794 1778 peccatorem
809 1699 979 1762 diuertisset.
1009 1701 1095 1762 Stans
1109 1714 1206 1763 autern
1221 1703 1345 1764 zacheus

445 1794 517 1855 dixit
538 1796 576 1855 ad
596 1795 741 1856 ihesum³t
763 1796 843 1855 Ecce
864 1794 1015 1856 dimidium
1036 1799 1181 1858 bonorum
1203 1817 1345 1871 meonrm,

445 1889 574 1962 domine,
589 1890 629 1949 do
650 1890 833 1967 pauperibus,
847 1899 877 1949 et
895 1889 1005 1969 siquid
1024 1890 1150 1969 aliquem
1164 1891 1343 1967 defraudaui,

443 1985 534 2046 reddo
563 1985 764 2063 quadruplum.
828 1983 881 2044 Et‘
909 1984 948 2044 ait
974 1983 1072 2044 ihesus
1097 1985 1135 2044 ad
1162 2005 1237 2058 eum,
1267 1985 1346 2060 Quia

445 2080 535 2141 hodie
559 2081 637 2140 salus
660 2081 762 2139 domui
785 2079 852 2140 huic
876 2079 952 2140 lacta
975 2093 1028 2154 cst,
1054 2099 1092 2141 eo
1114 2082 1195 2159 quod
1223 2091 1252 2142 et
1279 2084 1344 2161 ipse

443 2175 519 2234 filius
534 2176 570 2235 sit
584 2173 700 2248 abrahe.
741 2174 830 2234 Venit
849 2175 929 2235 enim
946 2175 1021 2235 filius
1039 2175 1168 2238 hominis
1182 2195 1303 2255 querere
1314 2189 1344 2238 et

444 2271 558 2331 saluum
572 2270 666 2331 lacere
680 2271 762 2349 quod
775 2269 906 2348 perierat.

834 2459 954 2521 Secreta.

484 2583 599 2654 Annue,
614 2600 781 2661 quesumus,
797 2581 926 2656 domine,
945 2581 1082 2659 precibus
1102 2583 1219 2657 nostris,
1232 2593 1265 2643 ut
1278 2583 1343 2661 qui·

442 2695 568 2756 cumque
592 2679 667 2736 intra
689 2676 790 2754 templi
815 2675 908 2749 buius,
932 2678 1014 2736 cuius
1038 2676 1127 2738 hodie
1151 2678 1342 2738 dedicationis

440 2774 520 2834 diem
549 2772 738 2845 celebramus,
766 2774 909 2832 ambitum
938 2773 1133 2846 continentur,
1167 2773 1255 2852 plena
1290 2775 1341 2834 tibi

439 2879 528 2946 atque
547 2866 675 2946 perlecta
695 2867 826 2946 corporis
846 2878 876 2927 et
896 2868 993 2942 anime
1007 2868 1166 2928 deuotione
1187 2868 1339 2946 placeant;

438 2973 470 3022 ut
490 2962 561 3021 dum
582 2962 727 3039 presentia
747 2973 818 3021 uota
837 2962 996 3034 reddimus,
1010 2961 1048 3022 ad
1062 2973 1163 3036 eterna
1176 2965 1295 3040 premia,
1311 2975 1340 3023 te

438 3055 603 3132 adiuuante,
618 3055 767 3135 peruenire
781 3074 954 3118 mereamur.
995 3056 1051 3116 Per
1064 3057 1226 3118 dominum.

816 3239 957 3319 Presalr'o.

476 3360 515 3422 U.
542 3362 580 3420 Ι).
608 3377 662 3439 per
688 3357 827 3420 christum
862 3358 1016 3420 dominum
1050 3369 1192 3421 nostrum.
1245 3358 1337 3421 Cuius

435 3457 526 3516 uirtus
548 3473 666 3533 magna,
689 3455 782 3532 pietas
806 3455 936 3532 copiosa.
979 3454 1107 3531 Respice
1138 3454 1176 3514 de‘
1206 3455 1279 3529 celo,
1308 3467 1337 3514 et

434 3551 501 3610 uide
516 3562 545 3610 et
558 3551 644 3610 uisita
658 3548 779 3609 domum
794 3549 889 3621 istam,
903 3559 936 3610 ut
949 3551 1115 3628 quicunque
1129 3547 1159 3607 in
1174 3567 1210 3608 ea
1223 3550 1335 3608 nomini

434 3657 487 3706 tuo
508 3645 711 3723 supplicauerit
731 3645 853 3705 libenter
873 3645 1021 3719 exaudias,
1043 3654 1073 3704 et
1092 3643 1335 3704 satisfacientibus

434 3741 591 3800 clementer
611 3739 757 3817 ignoscas.
799 3739 855 3800 Per
876 3757 974 3818 quem.

766 3921 997 3984 Postc'ommumb.

475 4042 653 4118 Quesumus,
667 4043 855 4120 omnipotens
876 4042 958 4114 deus,
972 4050 1004 4101 ut
1024 4039 1083 4101 hoc
1104 4040 1135 4100 in
1155 4040 1223 4102 loco
1244 4058 1333 4120 quem

433 4140 546 4199 nomini
567 4149 619 4198 tuo
640 4138 752 4215 indigni
773 4137 1019 4208 consecrauimus,
1035 4138 1148 4197 cunctis
1168 4139 1333 4214 petentibus

431 4251 517 4296 aures
531 4245 580 4308 tue
593 4233 708 4322 pietatis
722 4233 938 4293 accommodes.
981 4230 1045 4291 Per.

761 4415 855 4496 Super
868 4416 1010 4495 populien.

473 4539 605 4621 Copiosa
614 4539 766 4612 beneficia,
777 4557 945 4617 quesumus,
957 4537 1088 4610 domiue,
1099 4538 1228 4616 populus
1242 4538 1333 4598 chris-

431 4639 527 4698 tianus
548 4645 726 4714 assequatur,
740 4644 772 4693 ut
786 4634 836 4711 qui
851 4633 1009 4693 inhonore
1028 4644 1197 4693 sanctorum
1216 4651 1332 4692 sacran-

431 4733 477 4792 dis
498 4731 549 4790 tibi
573 4729 729 4789 luminibus
754 4728 879 4787 deuotus
907 4728 1038 4799 occurrit,
1060 4735 1091 4786 et
1117 4727 1176 4801 uite
1203 4727 1333 4786 subsidia

431 4827 572 4906 presentis
592 4823 724 4900 accipiat,
739 4832 769 4882 et
789 4823 912 4900 gratiam
934 4823 1109 4901 sempitemq
1123 4821 1332 4900 redemptionis

430 4923 569 4986 inueniat.
611 4919 676 4982 Per.

681 5192 724 5258 lin
738 5191 937 5257 aminneam
951 5189 1070 5275 mirati.

470 5341 561 5414 Deus,
576 5341 627 5421 qui
641 5341 727 5402 nobis
740 5359 793 5419 per
805 5339 937 5418 singulos
950 5356 1053 5400 annos
1095 5333 1228 5414 Require.

988 5537 1022 5569 ¹⁴
1038 5547 1119 5588 tram.
1130 5537 1189 5588 Vul.

995 5617 1005 5648 ⁴
1025 5618 1080 5669 Om.
1089 5615 1149 5668 Vnt.

462 5541 493 5572 Μ
509 5549 589 5593 trans.
600 5541 659 5592 Vul.

461 5621 472 5688 ξ
488 5619 618 5670 domiuum
627 5619 686 5671 vu.

1744 559 1965 662 prelationis.

1791 764 1910 828 Secreta.

1444 880 1641 962 Omnipotens
1655 885 1830 963 sempiterne
1844 889 1925 964 deus,
1940 892 2082 971 templum
2097 892 2163 954 hoc.

1781 1057 1920 1139 Pres'utrb.

1442 1169 1478 1231 U.
1502 1173 1539 1233 D.
1568 1192 1621 1252 per
1654 1174 1794 1236 christum
1825 1176 1980 1240 domiuum
2014 1193 2157 1244 nostrum.
2210 1181 2301 1244 Cuius

1397 1267 1488 1328 uirtus
1503 1287 1617 1346 magna.

1735 1363 1962 1428 Poslcommumb.

1439 1481 1529 1555 Deus,
1545 1483 1595 1563 qui
1610 1485 1763 1560 ecclesiam
1778 1498 1858 1547 tuam
1873 1506 2014 1567 sponsam
2029 1509 2143 1551 vocare.

1485 1740 1559 1809 itt.
1574 1745 1611 1809 iu.
1626 1745 1695 1811 nal.
1722 1746 1874 1812 utulenta
1889 1749 1997 1832 recissis
2012 1752 2048 1812 ab
2061 1753 2212 1831 nunnus.

1438 1887 1588 1963 Concede,
1600 1909 1768 1968 quesumus,
1780 1894 1969 1970 omnipotens
1983 1894 2063 1967 deus,
2075 1896 2114 1955 ad
2128 1914 2228 1955 eortun
2243 1915 2299 1956 nos

1397 1985 1505 2061 gaudia
1525 1994 1624 2060 eterna
1644 1986 1818 2063 pertingere,
1840 1987 1877 2048 de
1897 2006 2022 2065 quorum
2044 2008 2100 2049 nos
2121 1992 2227 2051 uirtute
2251 1993 2299 2049 tri·

1396 2080 1462 2138 buis
1476 2097 1574 2168 annua
1589 2079 1783 2141 sollemnitate
1797 2081 1934 2158 gaudere.
1975 2082 2038 2143 Per.

1786 2249 1907 2312 Secreta.

1437 2367 1529 2447 Super
1552 2369 1614 2439 has,
1639 2387 1807 2447 quesumus,
1832 2370 1950 2444 hostias,
1976 2371 2103 2443 domine,
2126 2373 2294 2433 benedictio

1394 2465 1516 2542 copiosa
1537 2464 1706 2537 descendat,
1721 2481 1779 2541 que
1801 2475 1830 2524 et
1851 2467 2113 2526 sanctificationem
2133 2469 2220 2528 nobis
2238 2468 2296 2528 cle-

1393 2569 1507 2617 menter
1533 2569 1676 2635 operetur,
1704 2569 1733 2617 et
1762 2559 1800 2619 de
1827 2573 1985 2638 martyrum
2012 2579 2068 2621 nos
2101 2561 2294 2622 sollemnitate

1392 2652 1516 2727 letificet.
1559 2651 1622 2711 Per.

1738 2715 1967 2795 Poslcommumb.

1434 2851 1585 2930 Supplices
1599 2863 1627 2912 te
1638 2870 1785 2930 rogamus,
1797 2855 1986 2933 omnipotens
2001 2854 2083 2928 deus,
2101 2865 2134 2914 ut
2148 2873 2223 2933 quos
2238 2859 2295 2916 tuis

1391 2947 1485 3007 reficis
1499 2949 1696 3018 sacramentis,
1707 2949 1758 3006 tibi
1768 2949 1856 3007 etiam
1870 2948 1983 3026 placitis
1997 2951 2127 3010 moribus
2138 2950 2293 3026 dignanter

1391 3041 1536 3102 desentire
1550 3043 1708 3102 concedas.
1750 3041 1813 3102 Per.

1462 3297 1517 3364 ts.
1531 3297 1591 3364 tat.
1606 3299 1657 3364 inl
1688 3297 1808 3379 Ulnilia
1823 3299 1918 3364 sanni
1933 3297 2067 3376 tubunnis
2080 3299 2217 3381 baptista.

1768 3447 1909 3526 Prefalr'o.

1428 3563 1466 3624 U.
1481 3565 1520 3625 D.
1541 3575 1638 3640 eterne
1655 3562 1734 3625 deus.
1777 3564 1958 3624 Exhibeutes
1979 3565 2120 3625 sollemne
2142 3564 2289 3624 ieiunium

1386 3658 1520 3736 Requr're.

1439 3912 1552 3981 tulit.
1566 3913 1626 3980 tat
1640 3913 1691 3979 iul.
1717 3911 1830 3979 Natali
1843 3913 1937 3978 sancti
1951 3912 2086 3990 lobannis
2101 3914 2239 3996 baptiste.

1765 4061 1907 4139 Presalrb.

1427 4182 1465 4243 V.
1479 4182 1517 4242 D.
1534 4192 1632 4257 eterne
1647 4181 1729 4242 deus.
1770 4182 1809 4241 Et
1823 4181 1853 4240 iu
1869 4181 1917 4241 die
1931 4179 2100 4242 iestiuitatis.

1493 4432 1567 4499 titt.
1580 4432 1641 4498 ital.
1655 4433 1706 4499 inl
1734 4431 1943 4514 Upustalurnn
1956 4432 2029 4514 petri
2044 4436 2070 4495 et
2084 4431 2176 4513 puali.

1761 4576 1906 4657 Prgfatrb.

1425 4696 1463 4758 U.
1484 4698 1522 4759 D.
1545 4716 1654 4776 equum
1674 4706 1704 4757 et
1724 4695 1855 4758 salutare.
1897 4694 1952 4768 Te,
1974 4693 2102 4769 domine,
2120 4695 2287 4774 suppliciter

1384 4811 1512 4853 exorare.
1554 4792 1688 4869 Requr're.

1509 5046 1621 5114 tatii.
1635 5045 1695 5112 lul
1712 5062 1780 5126 ann.
1808 5045 1914 5111 Sanni
1928 5046 2017 5112 neubi
2031 5045 2166 5127 musali.

1759 5191 1900 5270 Presam.

1422 5312 1459 5372 V.
1474 5312 1512 5372 D.
1528 5322 1625 5387 eterne
1640 5310 1722 5371 deus.
1765 5309 1825 5384 Qui
1839 5309 1994 5386 ecclesiam
2011 5318 2092 5369 tuam
2107 5309 2283 5386 sempiterna

1381 5410 1487 5486 pietate
1515 5424 1577 5466 non
1605 5406 1723 5480 deseris,
1744 5407 1797 5467 sed
1824 5424 1876 5485 per
1904 5405 2055 5482 apostolos
2082 5415 2149 5464 tuos
2179 5405 2283 5482 iugiter

1382 5503 1487 5574 erudis,
1502 5512 1531 5562 et
1551 5501 1614 5562 sine
1635 5501 1694 5561 fine
1715 5500 1852 5562 custodis.
1895 5498 1951 5559 Per
1971 5499 2110 5559 christum
2128 5496 2281 5559 dominum

1381 5607 1523 5658 nostrum.
