5116 6608
430 526 519 603 Dat.
546 523 672 602 balta.
697 525 746 612 ὦ.
774 526 846 612 aa.
874 529 916 602 ab
941 526 1060 612 §batt

397 789 511 857 atil.
524 771 671 856 haimai.
707 787 857 866 samem
870 788 965 855 samii
981 787 1064 870 pttti.

659 931 799 1012 Presatio.

319 1053 356 1112 V.
380 1055 418 1116 D.
441 1073 549 1132 equum
570 1063 600 1115 et
624 1054 756 1116 salutare.
799 1052 855 1125 Te,
870 1052 998 1124 domine,
1014 1051 1180 1130 suppliciter

277 1168 407 1212 exorare.
450 1149 577 1226 Require
590 1151 621 1209 in
634 1152 727 1210 natale
739 1150 925 1227 apostolorum
934 1150 1012 1226 petri
1020 1153 1048 1206 et
1054 1150 1144 1225 pauli.

403 1379 473 1447 mit.
486 1379 547 1446 ital
560 1397 632 1445 mat.
668 1379 773 1445 Sancti
787 1378 891 1466 mathie
905 1381 1041 1463 apostati.

658 1524 798 1605 Presalio.

318 1649 357 1710 U.
371 1650 409 1710 D.
425 1659 522 1725 eterne
536 1650 618 1712 deus.
661 1649 722 1724 Qui
743 1650 896 1726 ecclesiam
910 1661 990 1710 tuam
1012 1647 1042 1709 in
1061 1657 1181 1729 aposto-

274 1743 348 1805 licis.
393 1744 433 1804 Ut
442 1755 539 1822 supra.

353 1977 465 2044 mlle.
479 1978 540 2042 hal.
556 1996 617 2062 apt.
653 1978 850 2044 annuntiatis
864 1987 963 2066 suant
976 1981 1075 2062 matis.

659 2127 800 2207 Presatth.
835 2174 840 2184 .

319 2247 359 2305 V.
379 2244 418 2306 D.
441 2257 539 2322 eterne
561 2246 642 2310 deus.
684 2247 744 2322 Qui
766 2266 819 2326 per
838 2248 924 2323 beate
948 2247 1038 2323 marie
1062 2246 1182 2326 uirginis

278 2351 402 2420 partum.
444 2340 578 2418 Require.

383 2569 459 2638 Dal.
472 2571 541 2636 mai.
577 2570 785 2653 apostatarum
798 2571 920 2655 philippi
934 2579 961 2637 et
976 2574 1074 2640 iaculi.

659 2721 798 2800 Prefaltit.

320 2841 358 2902 U.
373 2841 409 2900 D.
425 2850 523 2916 eterne
544 2841 625 2901 deus.
669 2841 729 2915 Qui
744 2841 898 2918 ecclesiam
913 2853 994 2903 tuam
1014 2842 1044 2902 in
1063 2853 1182 2922 aposto·

280 2936 342 2996 licis
356 2935 476 2996 tribuisti
497 2937 657 2996 consistere
676 2935 893 3010 fundamentis;
915 2937 952 2996 de
973 2955 1099 3015 quorum
1120 2937 1181 2997 col·

281 3029 358 3104 legio
379 3030 531 3089 beatorum
552 3030 752 3107 apostolorum
767 3039 884 3090 tuorum
903 3031 1026 3112 philippi
1040 3043 1069 3092 et
1084 3032 1181 3092 iacobi

281 3125 432 3183 sollemnia
453 3124 632 3202 celebrantes
647 3135 705 3196 tua,
722 3123 849 3197 domine,
865 3126 1005 3202 preconia
1023 3144 1085 3187 non
1105 3136 1181 3188 tace-

281 3236 353 3280 mus.
395 3218 434 3280 Et
448 3219 525 3279 ideo.

418 3449 464 3516 D.
478 3467 546 3516 aaa.
559 3450 627 3515 mai.
662 3447 803 3513 lactatis
817 3453 1030 3534 sanescentia

660 3594 801 3672 Presatrb.

321 3717 358 3776 V.
379 3716 417 3776 D.
439 3735 492 3795 per
513 3716 652 3776 christum
681 3716 835 3776 dominum
863 3727 1005 3778 noshum.
1047 3718 1108 3793 Qui
1130 3739 1184 3798 per

282 3812 449 3889 passionem
463 3811 558 3871 crucis
572 3809 716 3870 mundum
730 3811 862 3872 redemit.
903 3810 1037 3890 Require.

351 4042 426 4110 llil.
440 4044 507 4108 ibas
520 4042 589 4106 mai.
623 4041 777 4107 Detinetis
791 4043 899 4127 grtltsig
914 4049 1012 4126 sanna
1025 4045 1113 4129 mant

633 4145 670 4203 ab
683 4144 835 4221 matteras.

322 4289 411 4358 Deus,
426 4287 476 4364 qui
496 4285 679 4346 inuisibiliter
692 4287 794 4346 omnia
814 4287 957 4360 contines,
972 4297 1000 4346 et
1015 4298 1113 4348 tamen
1127 4307 1181 4366 pro

284 4384 372 4444 salute
400 4381 515 4459 generis
542 4379 663 4440 humani
691 4381 776 4457 signa
803 4389 851 4456 tue
879 4382 1009 4460 potentie
1033 4383 1182 4444 uisibiliter

283 4477 419 4549 ostendis,
448 4474 590 4552 templum
624 4474 682 4534 hoc
716 4476 847 4553 potentia
882 4485 932 4551 tue
965 4476 1181 4539 inhabitationis

281 4572 403 4643 illustra;
431 4579 463 4629 ut
479 4586 583 4630 omnes
599 4570 649 4646 qui
666 4569 724 4629 huc
741 4569 919 4646 deprecaturi
938 4571 1125 4644 conueniunt,
1142 4590 1179 4631 ex

282 4683 463 4743 quacumque
478 4664 660 4723 tribulatione
671 4663 709 4722 ad
721 4675 748 4723 te
762 4664 961 4738 clamauerint,
971 4665 1180 4726 consolationis

282 4771 329 4836 tue
343 4759 486 4820 beneficia
499 4769 725 4836 consequantur.
766 4757 822 4818 Per
835 4758 997 4819 dominum.

406 4955 503 5016 Lectio
514 4955 587 5015 libri
597 4956 762 5033 apocalipsis
776 4954 908 5014 abhanm‘s
921 4955 1057 5033 apostoli.

320 5090 357 5149 In
378 5087 482 5148 diebus
503 5087 557 5146 illis
574 5087 655 5146 uenit
675 5087 797 5164 angelus
817 5095 847 5146 et
866 5086 982 5147 locutus
999 5097 1044 5148 est
1062 5105 1179 5148 mecum

283 5183 396 5244 dicens:
419 5181 520 5253 Ueni'‚
542 5181 696 5241 ostendam
717 5181 768 5240 tibi
789 5197 938 5259 sponsam,
958 5198 1080 5241 uxorem
1101 5184 1179 5260 agni.

282 5277 319 5337 Et
332 5277 445 5338 sustulit
459 5295 509 5336 me
522 5277 553 5336 in
568 5277 669 5354 spiritu
682 5275 713 5334 in
730 5285 864 5335 montem
882 5293 1024 5352 magnum
1038 5286 1067 5337 et
1079 5277 1178 5350 altum,

283 5380 311 5431 et
324 5371 452 5432 ostendit
466 5371 537 5430 mihi
557 5370 704 5430 ciuitatem
719 5378 851 5428 sanctam
870 5368 1044 5429 hierusalem
1058 5368 1179 5431 descen·

312 5559 564 5628 ¹Apocxx'a9-27.
826 5555 981 5613 ’servat

1339 525 1427 600 ua.
1454 521 1579 600 eata.
1606 523 1656 610 a.
1682 524 1753 610 ar.
1780 525 1825 599 a
1848 525 1969 610 aaa.
2057 529 2129 619 263

1231 723 1351 786 dentem
1376 725 1415 786 de
1439 725 1504 801 celo
1513 727 1532 798 ¹,
1553 725 1711 786 habentem
1734 724 1893 786 claritatem
1917 724 1972 786 dei
2014 725 2131 789 Lumen

1231 820 1294 880 eius
1315 821 1406 882 simile
1426 820 1515 898 lapidi
1536 821 1665 900 pretioso
1686 831 1838 898 tamquam
1857 819 1981 898 lapidis·
2001 821 2130 900 iaspidis,

1232 915 1306 975 sicut
1339 917 1505 977 cristallum.
1545 915 1585 976 Et
1619 917 1745 977 habebat
1778 933 1895 976 murum
1929 935 2071 995 magnum
2101 929 2131 980 et

1231 1013 1330 1086 altum,
1344 1013 1475 1074 ⁸habens
1490 1013 1548 1074 mii.
1567 1013 1686 1092 portas⁸
1700 1023 1729 1074 et
1747 1014 1779 1072 in
1800 1014 1892 1091 portis
1912 1014 2037 1091 angulos
2057 1015 2131 1076 duo·

1231 1109 1347 1184 decim,
1381 1119 1411 1168 ct
1438 1109 1559 1169 nomina
1581 1109 1727 1186 inscripta,
1749 1127 1807 1186 que
1831 1118 1899 1168 sunt
1926 1110 2048 1170 nomina
2075 1111 2130 1170 .xii.

1230 1206 1359 1266 tribuum
1383 1207 1508 1266 filiorum
1531 1206 1626 1267 israel.
1668 1207 1717 1266 Ab
1739 1205 1849 1266 oriente
1872 1215 1957 1284 porte
1981 1217 2057 1281 tres;
2093 1209 2131 1268 ab

1231 1303 1368 1382 aquilone
1389 1313 1475 1382 porte
1496 1313 1573 1378 tres;
1595 1304 1633 1363 ab
1653 1312 1751 1364 austro
1772 1311 1856 1380 porte
1871 1311 1946 1376 tres;
1968 1303 2006 1362 ab
2023 1321 2132 1363 occasu

1231 1410 1316 1479 porte
1338 1410 1404 1460 tres.
1450 1399 1489 1460 Et
1519 1417 1618 1460 murus
1649 1399 1772 1460 ciuitatis
1801 1399 1913 1458 hahens
1942 1397 2133 1459 fundamenta

1232 1494 1374 1575 .xii.(cim)
1393 1497 1442 1556 et*
1463 1497 1534 1573 ipsis
1556 1495 1699 1576 miticim)
1720 1494 1841 1556 nomina
1861 1495 2063 1573 apostolorum
2083 1495 2132 1556 et⁸

1232 1593 1308 1668 agni.
1330 1589 1369 1650 Et
1378 1591 1427 1668 qui
1436 1590 1609 1669 loquebatur
1616 1609 1733 1652 mecum
1740 1589 1865 1650 habebat
1873 1606 2132 1650 mensuramarun·

1233 1684 1331 1745 dinem
1349 1703 1478 1756 auream,
1493 1695 1526 1745 ut
1543 1686 1690 1746 metiretur
1703 1686 1859 1755 ciuitatem,
1875 1693 1904 1744 et
1924 1695 2039 1762 portam
2060 1685 2133 1757 eius,

1232 1789 1261 1839 et
1274 1798 1399 1840 murum.
1441 1779 1480 1840 Et
1500 1781 1603 1841 ciuitas
1623 1782 1653 1840 in
1670 1779 1782 1859 quadro
1803 1780 1899 1857 posita
1919 1789 1971 1853 est,
1988 1789 2018 1839 et
2037 1777 2132 1856 longi·

1232 1874 1303 1934 tudo
1317 1875 1379 1936 eius
1392 1885 1472 1935 tanta
1486 1887 1530 1936 est
1543 1886 1653 1954 quanta
1671 1884 1701 1936 et
1719 1874 1847 1935 latitudo.
1888 1871 1927 1932 Et
1947 1891 2067 1934 mensus
2088 1883 2133 1934 est

1232 1969 1395 2042 ciuitatem
1418 1971 1454 2031 de
1468 1972 1626 2032 arundine⁸
1640 1990 1691 2050 per
1706 1970 1797 2032 stadia
1817 1969 1873 2030 .xii.
1892 1969 1979 2030 milia.
2021 1969 2132 2048 Longi-

1233 2065 1312 2138 tudo,
1330 2077 1359 2126 et
1379 2066 1508 2140 latitudo,
1530 2079 1560 2126 et
1581 2067 1701 2128 altitudo
1724 2065 1838 2144 aqualia
1858 2074 1942 2137 sunt;
1963 2075 1993 2126 et
2012 2084 2133 2126 mensus

1233 2171 1276 2221 est
1300 2163 1421 2222 muros⁷
1442 2163 1505 2222 eius
1534 2173 1653 2223 centum
1678 2163 1774 2222 xliiii⁰r
1803 2161 1976 2232 cubitorum,
1996 2177 2134 2220 mensura

1232 2256 1359 2318 hominis
1382 2276 1440 2335 que
1463 2268 1508 2318 est
1532 2260 1636 2336 angeli.
1678 2257 1717 2318 Et
1741 2267 1801 2318 erat
1825 2254 1986 2316 structura⁸
2010 2255 2072 2315 eius
2096 2273 2133 2314 ex

1232 2351 1328 2430 lapide
1345 2354 1466 2432 iaspide.
1499 2355 1569 2433 Ipsa
1589 2374 1658 2416 uero
1673 2355 1775 2416 ciuitas
1788 2352 1882 2413 auro'
1896 2350 2027 2412 mundo⁹
2041 2350 2133 2410 simile

1232 2449 1307 2508 uitro
1322 2449 1468 2510 mundo¹⁰.
1496 2450 1700 2511 Fundamenta
1714 2449 1789 2510 muri
1804 2447 1928 2508 ciuitatis
1941 2446 2023 2506 omni
2036 2444 2133 2522 lapide

1232 2545 1360 2623 pretioso
1388 2557 1499 2606 ornata.
1541 2547 1779 2608 Fundamentum
1813 2545 1942 2622 primum
1976 2542 2096 2620 iaspidis
2104 2541 2133 2614 ¹¹,

1233 2639 1395 2700 secundum
1430 2639 1597 2720 sap(h)irus,
1625 2643 1740 2703 tertium
1776 2639 1971 2711 calcedonius,
1999 2647 2134 2716 quartum

1233 2734 1413 2812 smaragdus,
1441 2737 1575 2813 quintum
1604 2728 1753 2808 sardonix,
1781 2743 1897 2795 sextum
1926 2732 2046 2803 sardius,
2068 2750 2134 2809 sep·

1232 2827 1335 2887 timum
1354 2826 1551 2908 c(h)risolit'us,
1566 2841 1705 2892 octauum
1725 2830 1852 2902 berillus,
1866 2845 1977 2888 nonum
1992 2826 2133 2905 topazius,

1232 2922 1379 2982 decimum
1404 2921 1656 3002 c(h)rissopassus,
1681 2925 1871 2986 undecimum
1895 2923 2044 2992 iacinctus,
2061 2921 2134 2980 duo·

1233 3017 1381 3078 decimum
1409 3017 1607 3098 amitihlistus.
1649 3019 1688 3080 Et
1710 3019 1865 3080 duodecim
1887 3027 1971 3096 porte
1992 3013 2133 3094 .xii.(cim)

1232 3113 1387 3189 margarite
1401 3123 1468 3173 sunt
1487 3133 1539 3191 per
1552 3115 1691 3192 singulas,
1706 3125 1736 3174 et
1757 3113 1870 3189 singule
1890 3123 1974 3190 porte
1994 3121 2075 3170 erant
2097 3129 2134 3170 ex

1233 3205 1354 3282 singulis
1368 3207 1538 3285 margaritis.
1567 3208 1606 3268 Et
1626 3209 1722 3286 platee
1736 3208 1859 3286 ciuitatis
1874 3225 1944 3268 auro
1955 3204 1977 3241 ¹¹
1991 3203 2103 3266 mundo
2112 3203 2134 3238 ¹³
2214 3237 2216 3244 ⁴

1232 3309 1381 3378 tamquam
1400 3303 1506 3362 uitrum
1527 3304 1717 3381 perlucidum,
1732 3313 1761 3362 et
1781 3302 1923 3379 templum
1940 3319 2002 3360 non
2023 3300 2083 3360 uidi
2104 3303 2134 3359 in

1233 3414 1276 3456 ea.
1319 3395 1466 3457 Dominus
1487 3399 1564 3458 enim
1586 3398 1658 3458 deus
1683 3398 1871 3476 omnipotens
1895 3395 2036 3474 templum
2059 3393 2134 3454 illius

1233 3499 1320 3550 estet
1335 3509 1438 3570 agnus.
1479 3491 1519 3551 Et
1537 3493 1639 3552 ciuitas
1658 3511 1721 3552 non
1737 3500 1806 3568 eget
1823 3491 1884 3552 sole
1899 3508 1995 3568 neque
2009 3489 2088 3561 luna,
2101 3498 2134 3548 ut

1233 3584 1349 3646 luceant
1372 3586 1403 3644 in
1426 3605 1478 3659 ea;
1511 3605 1580 3646 uam
1604 3587 1719 3647 claritas
1741 3585 1789 3646 dei
1810 3586 1982 3646 illuminauit
2006 3603 2081 3656 earn,
2106 3594 2135 3643 et

1233 3679 1351 3739 lucerna
1364 3681 1426 3740 eius
1447 3689 1492 3740 est
1512 3699 1615 3758 agnus.
1656 3681 1695 3740 Et
1715 3679 1906 3740 ambulabunt
1927 3689 2030 3757 gentes
2050 3695 2103 3754 per
2111 3677 2133 3710 ¹⁴

1232 3773 1364 3834 lumen²⁶
1378 3775 1448 3848 eiua,
1470 3785 1499 3834 ct
1518 3793 1602 3852 reges
1623 3785 1696 3849 terre
1717 3774 1839 3834 afferent
1861 3774 1985 3852 gloriam
2007 3782 2134 3832 suamet

1233 3867 1378 3928 honorem
1399 3869 1538 3928 inillam.
1580 3868 1619 3929 Et
1641 3879 1725 3947 porte
1746 3869 1808 3928 eius
1821 3887 1884 3928 non
1898 3869 2068 3928 claudentur
2082 3883 2134 3943 per

1234 3962 1335 4032 diem?
1353 3981 1413 4023 nox
1427 3963 1508 4022 enim
1522 3981 1584 4023 non
1598 3963 1650 4022 erit
1663 3961 1728 4022 illic.
1770 3962 1809 4026 Et
1828 3963 1949 4022 afferent
1968 3961 2090 4038 gloriam
2105 3968 2135 4018 et

1233 4055 1375 4116 honorem
1397 4057 1528 4134 gentium
1556 4057 1693 4116 inillam.
1736 4055 1834 4116 Nec¹⁸
1855 4057 1971 4116 intrabit
1998 4056 2028 4113 in
2055 4053 2134 4112 illam

1234 4149 1341 4227 aliquid
1369 4151 1597 4228 coinquinatum,
1619 4149 1677 4210 et¹⁷
1705 4150 1814 4210 iaciens
1836 4149 2104 4210 abhominationem
2112 4145 2134 4180 ¹¹

1232 4255 1262 4304 et
1282 4244 1477 4318 mendacium,
1497 4244 1552 4306 uisi
1573 4245 1630 4323 qui·
1645 4245 1743 4324 scripti
1764 4246 1883 4305 suntin
1904 4245 1978 4306 libro
1999 4243 2058 4317 uite
2079 4239 2133 4300 et¹⁸

1233 4339 1310 4416 agni

1326 4494 1475 4573 Sequentia
1489 4498 1583 4555 sancti
1591 4496 1732 4575 cumigelai'
1742 4495 1890 4556 secundam
1904 4495 1995 4554 lucam
2004 4492 2033 4550 ¹⁹.
2066 4497 2072 4504 '

1271 4615 1308 4675 In
1342 4615 1392 4675 illo
1425 4624 1559 4694 tempore
1591 4616 1740 4692 ingressus
1781 4615 1880 4676 ihesus
1914 4611 2132 4692 perambulabat

1263 4789 1272 4818 ¹
1291 4803 1310 4842 ÷
1323 4789 1398 4840 adeo
1411 4789 1469 4839 Vul.

1262 4867 1294 4898 ’Δ
1311 4867 1444 4918 habentem
1455 4873 1540 4934 portus
1551 4865 1691 4918 duodecim.

1263 4945 1419 4997 ‘smvm

1262 5024 1273 5056 ⁸
1291 5039 1310 5077 ψ
1323 5041 1397 5076 aurea
1405 5023 1466 5077 Vui.

1262 5103 1273 5134 ⁸
1291 5116 1310 5156 4
1323 5104 1387 5154 muri
1397 5103 1456 5154 Vul.

1263 5182 1284 5214 ²⁰
1305 5194 1325 5233 4
1338 5183 1372 5232 Et
1381 5182 1440 5231 Vul.

1262 5261 1282 5293 ¹¹
1298 5279 1385 5312 aurum
1394 5261 1453 5313 Vnt

1263 5340 1282 5372 ¹⁴
1297 5342 1322 5391 in
1332 5340 1392 5391 Vul.

1262 5419 1283 5451 ¹⁸
1299 5436 1349 5470 nou
1360 5419 1420 5469 Vul.

1263 5496 1314 5529 Μ
1331 5505 1375 5548 aut
1386 5496 1600 5549 abominationem
1609 5493 1704 5546 taciem
1712 5493 1771 5546 vat

1261 5574 1282 5608 ¹⁸
1299 5577 1355 5628 Om.
1365 5575 1424 5630 Vul.
1770 5573 1790 5606 ¹⁹
1805 5573 1867 5626 Luc
1878 5573 1928 5626 xix.
1939 5585 2011 5624 r-ro.

1779 4787 1790 4818 ¹
1805 4787 1886 4854 uptus
1897 4786 1955 4837 vu.

1782 4942 1793 4974 ¹
1811 4945 1867 4994 Om.
1876 4941 1936 4994 Vul.

1778 5021 1789 5052 ¹
1804 5039 1903 5073 murum
1912 5021 1970 5072 vat

1779 5101 1810 5139 ’θ
1826 5116 1912 5151 summ
1921 5099 2041 5150 mundum
2053 5097 2111 5148 Vul.

1777 5179 1796 5210 ¹¹
1812 5179 1889 5245 iaspis
1898 5179 1956 5229 Vul.

1776 5257 1796 5288 ¹³
1812 5258 1932 5308 mundum
1941 5255 1999 5307 Vul.

1778 5335 1800 5370 ¹⁸
1816 5336 1910 5389 lumine
1920 5335 1979 5387 Vul.
