5122 6610
556 635 625 734 pro
650 635 813 712 utiuuttts.

283 841 431 927 Exurge,
446 837 590 918 domine,
605 837 638 902 in
654 835 802 920 requiem
818 842 910 899 tuam
921 827 941 895 ¹.

281 942 359 1008 Non
375 943 476 1007 intres
492 940 524 1003 in
541 933 727 1003 iudicium².

285 1042 444 1106 Redimet
459 1040 613 1105 dominus
627 1032 786 1101 animas³.

284 1142 320 1205 A
335 1150 432 1225 porta
447 1139 541 1204 inseri
556 1137 654 1221 eripe.

287 1242 490 1326 Requiescat
504 1239 537 1302 in
554 1257 645 1322 pace.
689 1233 811 1299 Amen.

625 1386 773 1452 oremus.

289 1506 422 1572 Partem
438 1505 537 1568 beate
552 1499 796 1566 resurrectionis
810 1496 968 1570 obtineat,
978 1492 1149 1575 uitamque

247 1617 404 1673 aetemam
419 1605 543 1668 habere
559 1609 724 1666 mereatur
735 1601 769 1662 in
784 1596 882 1672 caelis,
896 1616 954 1680 per
968 1603 1012 1671 te,
1028 1592 1151 1658 christe

248 1708 349 1786 ihesu,
383 1705 440 1788 qui
477 1710 674 1786 compatre
703 1708 737 1764 et
766 1698 882 1781 spiritu
919 1702 1035 1760 sancto
1067 1691 1151 1756 uiuis

249 1816 282 1873 et
312 1825 430 1889 regnas
460 1803 543 1867 deus
571 1821 631 1885 per
655 1798 769 1864 omnia
797 1794 916 1862 saecula
946 1791 1151 1858 saeculorum.

248 1905 361 1970 Arnen
370 1902 395 1968 ⁴.

292 2005 450 2069 Miserere
466 2001 540 2078 mei,
555 2001 647 2065 deus.

560 2150 718 2235 Sequitur
732 2149 845 2214 oratio.

295 2266 456 2339 Absolue‚
483 2285 671 2347 quesumus,
699 2262 843 2339 domine,
865 2260 1010 2324 animam
1039 2254 1156 2321 famuli

252 2367 300 2434 tui
315 2367 372 2433 .ill.
387 2366 430 2431 ab
453 2365 543 2430 omni
562 2361 693 2428 uinculo
716 2361 920 2436 delictorum,
940 2369 974 2423 et
996 2360 1029 2422 in
1052 2376 1157 2421 resur·

254 2467 405 2534 rectionis
419 2464 524 2550 gloria
544 2465 629 2528 inter
643 2471 775 2528 sanctos
790 2471 866 2528 tuos
881 2460 1092 2526 resuscitatus
1108 2477 1158 2521 re·

254 2570 363 2653 spiret
408 2565 494 2630 Per.t

654 2649 759 2715 Finit.

529 2811 753 2876 tiommmtotio
774 2811 884 2874 auimo.

299 2935 386 3016 Tibi,
409 2933 553 3009 domine,
581 2931 854 2997 commendamus
877 2927 1023 2994 animam
1045 2922 1160 2991 famuli

258 3037 304 3100 tui
320 3034 377 3101 ill.
392 3044 430 3098 ut
452 3033 625 3098 defunctus
647 3032 758 3097 seculo
781 3031 842 3097 tibi
865 3031 965 3109 uiuat,
988 3039 1023 3093 et
1045 3026 1072 3092 si
1095 3045 1162 3109 qua

258 3156 317 3220 per
330 3133 545 3217 fragilitatem
561 3133 729 3198 mundane
751 3128 1008 3196 conuersationis
1027 3134 1163 3210 peccata

259 3226 1164 3315 admisit,tuueniamisericordissimepietatisabsterge.

260 3335 343 3400 Per.t

668 3414 748 3482 sita.

305 3538 567 3603 Misericordiam
580 3547 681 3618 tuam,
697 3537 840 3616 domine,
852 3541 965 3600 sancte
981 3541 1166 3619 pater‚om-

1520 618 1770 696 tumultuosos.

1610 817 1690 906 filio.

1245 938 1526 1005 Commendamus
1552 939 1622 1018 tibi,
1650 939 1794 1016 domine,
1818 937 1964 1004 animam
1995 936 2103 1003 fratris

1199 1041 1303 1106 nostri
1321 1039 1377 1105 ill.
1393 1059 1631 1124 precamurque
1654 1050 1691 1105 ut
1711 1049 1847 1124 propter
1861 1059 1962 1123 quam
1977 1039 2021 1102 ad
2038 1047 2103 1103 ter-

1200 1161 1271 1205 ram
1313 1149 1371 1206 tua
1413 1141 1538 1225 pietate
1580 1141 1807 1218 descenderas,
1844 1136 2104 1223 patriarcharum

1200 1249 1332 1306 tuorum
1351 1236 1506 1328 [sinibus]
1524 1241 1688 1306 insinuare
1704 1261 1770 1304 non
1787 1259 1936 1318 rennuas‚
1953 1239 2105 1302 miserere

1201 1340 1258 1423 qui
1273 1339 1358 1404 uiuis
1371 1350 1404 1406 et
1420 1360 1538 1423 regnas
1553 1340 1587 1404 in
1602 1340 1712 1405 secula
1723 1340 1918 1404 seculorum.
1962 1335 2105 1404 Amen¹.

2029 635 2100 706 203

1270 1496 1435 1564 &tationes
1457 1499 1487 1563 iu
1507 1499 1822 1565 commemorationibus
1842 1501 2039 1565 sauctorum&

1243 1605 1334 1679 Deus,
1355 1607 1405 1685 qui
1426 1617 1595 1668 sanctorum
1616 1608 1702 1668 nobis
1723 1609 1933 1670 intercessione
1955 1607 2106 1678 succurris,

1204 1701 1250 1774 da,
1262 1720 1429 1781 quesumus,
1440 1711 1471 1762 ut
1485 1721 1587 1764 eorum
1599 1703 1765 1764 exultemus
1777 1704 1892 1780 meritis,
1903 1714 1931 1763 et
1946 1701 2107 1781 patrocinio

1204 1810 1399 1877 protegamur.
1442 1797 1506 1858 Per.

1247 1892 1385 1970 Protegat
1414 1893 1570 1955 ecclesiam
1597 1905 1687 1968 mam,
1712 1894 1794 1967 deus,
1819 1895 1912 1960 oratio
1940 1891 2110 1954 ueneranda

1206 1996 1384 2058 sanctorum,
1412 1997 1441 2048 et
1469 1989 1516 2050 cui
1544 1989 1740 2068 frequentiam
1768 1990 1935 2051 deuotionis
1958 1988 2109 2067 impendit,

1208 2092 1380 2160 perpetuum
1394 2093 1499 2160 poscat
1512 2083 1722 2163 redemptionis
1735 2085 1882 2146 effectum.
1924 2084 1988 2144 Per.

1249 2176 1419 2237 Benedictio
1436 2187 1486 2239 tua
1500 2179 1572 2239 deus
1586 2180 1706 2258 impleat
1720 2180 1810 2242 corda
1829 2179 1967 2249 fidelium,
1981 2178 2111 2254 talesque

1208 2271 1338 2350 perficiat
1360 2273 1411 2351 qui
1438 2283 1467 2334 et
1493 2285 1651 2352 martyrum
1677 2286 1794 2336 tuorum
1824 2273 2016 2335 honorificent
2044 2289 2111 2350 pas·

1209 2367 1316 2436 siones,
1331 2376 1361 2426 et
1379 2368 1510 2428 remedia
1530 2368 1629 2429 salutis
1651 2379 1768 2443 aeterne,
1783 2369 1893 2430 solem’
1906 2365 2113 2448 patrocinanti·

1209 2462 1273 2532 bus,
1295 2479 1492 2539 assequamur.
1534 2463 1598 2523 Per.

1250 2553 1342 2628 Deus,
1366 2574 1455 2635 quem
1482 2558 1583 2618 omnia
1610 2575 1701 2636 opera
1728 2558 1916 2630 benedicunt,
1938 2575 2028 2636 quem
2050 2554 2114 2617 caeli

1209 2649 1440 2727 conglorificant,
1456 2650 1628 2729 angelorum
1650 2652 1807 2713 multitudo
1828 2651 1993 2724 conlaudat,
2007 2668 2114 2729 quesu-
2136 2723 2138 2729 Ι

1210 2762 1276 2804 mus
1297 2753 1336 2817 te,
1350 2755 1382 2805 ut
1399 2745 1474 2806 sicut
1494 2756 1552 2807 tres
1571 2765 1678 2824 pueros
1699 2747 1736 2808 de
1753 2747 1871 2808 camino
1890 2748 1967 2826 ignis
1987 2745 2115 2806 incendii

1210 2857 1272 2899 non
1300 2839 1396 2899 solum
1424 2839 1525 2901 inlisos
1553 2841 1608 2900 sed
1635 2842 1723 2902 etiam
1745 2842 1777 2900 in
1802 2842 1859 2902 tuis
1880 2841 2015 2902 laudibus
2043 2857 2115 2901 con·

1210 2933 1362 2994 laudantes
1379 2933 1524 3008 liberasti;
1547 2936 1586 2994 ita
1601 2954 1657 2996 nos
1678 2947 1866 3014 peccatorum
1887 2937 2011 2996 nexibus
2030 2935 2116 2994 abso-

1211 3028 1297 3101 lutos,
1311 3028 1393 3088 uelut
1411 3030 1448 3090 de
1462 3031 1605 3108 uoragine
1622 3030 1698 3108 ignis
1718 3030 1833 3110 eripias,
1848 3039 1881 3090 ut
1894 3030 1966 3090 dum
1981 3041 2009 3090 te
2028 3028 2116 3089 deum

1212 3131 1325 3200 patrem
1359 3123 1562 3184 benedictione
1596 3123 1760 3197 laudamus,
1793 3125 1947 3185 eriminum
1982 3123 2117 3183 flammas

1213 3234 1395 3296 operumque
1423 3218 1582 3279 camalium
1610 3219 1746 3280 incendia
1771 3227 1949 3297 superantes,
1975 3217 2117 3296 hymnum

1215 3312 1267 3372 tibi
1281 3311 1412 3372 debitum
1426 3313 1490 3373 iuro
1504 3313 1677 3392 meritique‘
1691 3313 1856 3374 reddamus
1885 3311 1941 3373 Per
1955 3312 2117 3373 dominum.

1243 3467 1411 3533 limitetis
1432 3469 1521 3550 louis
1560 3469 1603 3535 ilo
1622 3470 1819 3552 purificatione
1839 3475 1947 3535 sumtu
1960 3469 2086 3532 matut

1258 3589 1396 3662 Domine,
1425 3598 1525 3650 sancte
1556 3601 1646 3668 pater,
1674 3591 1862 3668 omnipotens
1896 3599 2005 3650 aeterne
2039 3587 2119 3660 deus,

263 3640 553 3754 niliotens.aeteme
569 3639 659 3752 deus,
674 3638 810 3752 pictaiis
830 3635 951 3751 ὅππῃ
974 3652 1091 3718 rogare
1106 3649 1166 3746 pio
1218 3684 1391 3744 benedicere
1411 3693 1440 3744 et
1459 3685 1640 3746 sanctificare
1662 3687 1790 3764 digneris
1811 3687 1911 3763 ignem
1934 3685 2022 3746 istum
2039 3682 2121 3762 quod

264 3739 336 3804 alus
351 3758 508 3822 cogimur,
525 3758 581 3820 qur
595 3757 658 3852 pro
675 3744 795 3802 nostns
816 3735 1000 3818 supplicare
1023 3739 1167 3848 peccatis
1218 3796 1274 3838 nos
1301 3778 1415 3855 indigni
1444 3780 1627 3858 suscepimus
1654 3799 1707 3858 per
1734 3781 1954 3841 humationem
1980 3777 2122 3858 unigenit,

265 3857 476 3956 ”eflua‘luam
499 3837 687 3952 suffimnfm’
701 3845 817 3952 tamen
832 3835 875 3900 de
890 3845 947 3900 tua
962 3833 1077 3949 ⁰⁰‚nfiffl
1092 3851 1168 3914 μ’
1219 3875 1269 3934 filii
1287 3875 1329 3935 tui
1350 3873 1434 3935 ihesu
1454 3875 1561 3948 christi,
1576 3894 1665 3954 quem
1685 3876 1774 3937 hodie
1794 3877 1826 3937 in
1840 3875 1950 3953 templo
1969 3891 2122 3953 represen-

265 3947 350 4003 turta
360 3945 494 4021 ptetate,
507 3937 665 4002 etmolrta
679 3936 838 4015 bonitate,
848 3936 1059 4000 clementiam
1075 3942 1167 3997 tuam
1219 3979 1311 4030 ,amm
1325 3969 1433 4029 iustum
1448 3971 1612 4030 simeonem
1626 3972 1676 4031 diu
1696 3980 1899 4050 expectamem
1917 3971 1948 4030 ,n
1961 3970 2046 4030 ulnas
2060 3985 2123 4028 sus·

266 4037 484 4121 deposcimus,
498 4045 535 4100 ut
551 4036 697 4100 animam
712 4036 798 4100 serui
815 4035 863 4100 tui
884 4034 928 4099 ad
946 4042 981 4099 te
1004 4039 1169 4096 reuerten·
1220 4064 1332 4141 cepisse
1345 4066 1492 4138 nouimus,
1508 4074 1537 4125 e,
1551 4066 1676 4127 ,alume
1690 4076 1774 4126 ,uum
1788 4075 1856 4127 an„
1870 4065 1976 4125 faciem
1990 4063 2124 4124 omnium

268 4147 336 4202 iem
353 4135 408 4202 ill·
424 4156 500 4200 cum
515 4136 640 4219 Pietate
654 4135 821 4219 simplas·
1220 4158 1398 4236 populorum
1423 4177 1489 4220 esse
1513 4159 1612 4220 iumen
1641 4161 1750 4222 scilicet
1777 4161 1922 4238 gentibus,
1945 4169 1973 4219 et
2000 4157 2124 4236 gloriam

309 4234 413 4301 Adsit
440 4235 470 4300 el
493 4235 631 4319 angelffl
656 4235 848 4301 testamenii
868 4233 917 4299 tui
940 4230 1113 4308 miehahels
1136 4239 1171 4296 ei
1221 4251 1299 4330 plebi
1319 4263 1370 4313 tua
1390 4253 1496 4314 israhel
1517 4255 1691 4334 prophetico
1714 4257 1815 4333 spiritu
1838 4254 1982 4328 docuisti;
2017 4270 2123 4331 quesu-

269 4356 327 4420 Pef
352 4355 470 4400 manus
496 4343 685 4400 sanct0sum
710 4334 902 4418 811881οΝ1ῐὶ
929 4340 1060 4397 tuorum
1087 4330 1172 4394 inies
1221 4365 1297 4420 mus,
1324 4346 1454 4421 domine,
1482 4349 1658 4411 benedicere
1686 4350 1815 4428 digneris
1847 4349 1948 4409 lumen
1979 4344 2066 4416 istud,
2094 4353 2125 4404 et

270 4444 403 4500 sanctos
417 4443 451 4499 et
466 4432 589 4500 electos
600 4442 685 4512 tuos,
695 4433 729 4499 in
744 4433 870 4499 sinibus
881 4432 1023 4510 abrahae,
1031 4431 1128 4509 isaac,
1138 4437 1172 4494 et
1222 4441 1360 4502 omnibus
1380 4462 1449 4503 eum
1470 4445 1606 4504 manibus
1626 4445 1817 4522 gestantibus,
1830 4462 1884 4522 pe,
1902 4460 2006 4502 uerum
2026 4439 2126 4500 lumen

270 4535 374 4611 iacob,
391 4533 651 4618 patriarcharum
668 4543 811 4610 tuorum,
828 4552 902 4598 eam
925 4531 1086 4597 collocare
1100 4530 1173 4613 dig·
1222 4546 1271 4611 tue
1295 4537 1454 4599 maiestatis
1478 4539 1619 4612 concede,
1648 4549 1681 4600 ut
1705 4549 1734 4599 te
1759 4549 1955 4617 agnoscentes
1971 4553 2024 4614 per
2047 4534 2127 4594 uiam

273 4634 377 4712 neris3
405 4631 572 4716 Quatinus
589 4632 729 4700 liberata
746 4633 789 4698 de
803 4631 1004 4717 principibus
1020 4629 1174 4696 tenebra·
1223 4631 1361 4691 uirtutum
1375 4631 1414 4691 ad
1426 4643 1457 4693 te
1470 4633 1589 4693 ualeant
1602 4633 1763 4711 peruenire.
1806 4632 1871 4693 Per.

272 4754 343 4798 rum
374 4743 409 4798 et
439 4734 482 4797 de
512 4732 593 4798 locis
622 4753 805 4817 poenarum,
838 4730 936 4796 nullis
969 4730 1035 4794 iam
1068 4729 1174 4813 prime

273 4833 466 4908 natiuitatis,
483 4831 536 4896 uel
558 4831 750 4918 ignorantie,
764 4841 823 4896 aut
836 4830 969 4914 proprie
990 4829 1174 4913 iniquitatis

273 4953 330 4997 seu
352 4931 540 5016 fragilitatis
562 4931 782 4996 confundatur
796 4931 966 5004 erroribus,
982 4929 1041 4994 sed
1063 4930 1174 5012 potius

274 5040 473 5117 agnoscatur
494 5052 514 5095 a
532 5033 608 5108 tuis,
629 5041 664 5097 et
689 5039 804 5113 sancte
825 5029 1040 5094 beatitudinis
1062 5027 1176 5111 requie
1257 5045 1266 5076 ¹
1283 5044 1340 5097 oet
1352 5061 1377 5110 p.
1393 5056 1448 5110 ⁷51·

275 5131 469 5216 perfruatur.
517 5128 636 5213 Atque
658 5151 734 5195 cum
757 5129 868 5214 magni
892 5129 1000 5194 iudicii
1023 5127 1095 5192 dies
1117 5128 1175 5192 ad·
1258 5120 1564 5190 ’Thispsgesbunk
1584 5123 1785 5176 simularent
1798 5124 1828 5175 ot
1842 5123 1940 5174 leofric
1957 5124 1989 5184 A.
2006 5121 2052 5172 hu
2068 5121 2131 5171 been

276 5231 411 5306 uenerit,
427 5230 513 5294 inter
530 5240 663 5295 sanctos
677 5240 711 5295 et
726 5229 849 5295 electos
864 5237 940 5294 tuos
955 5228 1175 5304 resuscitatus.
1226 5201 1579 5346 ξξάᾚζᾞζῗὲὦ
1590 5202 1657 5332 ξω
1670 5203 1860 5269 tudunum,
1876 5201 1926 5252 ²¹¹⁶
1942 5202 1964 5252 ¹³
1980 5207 2008 5252 to
2024 5201 2056 5252 b‘
2072 5215 2130 5250 ⁰⁰¹¹·

276 5329 379 5414 gloria
401 5329 610 5394 manifestate
633 5327 921 5414 contemplationis
938 5337 995 5410 tue
1017 5336 1178 5412 perpetuo
1260 5357 1560 5424 apffh„„s0„„,„„,

277 5430 421 5494 satietur.
466 5429 529 5493 Per
537 5427 561 5489 ὅ.

1224 4784 1336 4851 &tutio
1357 4803 1446 4868 supet
1467 4803 1571 4852 tutos.
1613 4785 1875 4871 impuritatum
1896 4790 2004 4852 sumtu
2022 4785 2128 4848 matio.

1264 4905 1394 4966 Domine
1415 4906 1499 4967 ihesu
1518 4906 1633 4980 christe,
1647 4909 1697 4986 qui
1719 4908 1875 4968 inluminas
1894 4924 2014 4967 omnem
2031 4903 2129 4963 homi-

1261 5433 1271 5465 *
1287 5435 1400 5503 Perhaps
1412 5437 1451 5488 ior
1461 5438 1515 5489 iore
1526 5437 1670 5503 meritoque.

1262 5514 1354 5566 'Foll
1372 5514 1555 5581 2542-261b
1571 5529 1614 5566 are
1630 5515 1791 5567 intmeolrted
1808 5516 1899 5574 lesum,
1915 5522 1959 5566 not
1975 5521 2030 5581 part
2048 5513 2079 5565 oi
2091 5513 2134 5564 the

966 5593 977 5625 ⁸
993 5593 1033 5644 Ps.
1044 5593 1130 5645 miii.
1141 5605 1180 5658 ²3·
1230 5592 1337 5657 original
1348 5601 1539 5661 sacramentury,
1551 5595 1601 5645 and
1612 5593 1716 5647 covered
1727 5595 1788 5646 with
1800 5594 1919 5653 Collects,
1929 5599 1985 5655 etc,
1999 5593 2025 5644 in
2035 5591 2135 5644 νιτίοιιε

1231 5670 1338 5738 English
1350 5671 1539 5740 hmdwritings,
1550 5671 1581 5725 oi
1589 5673 1632 5726 the
1642 5671 1756 5725 elermth
1766 5679 1875 5741 oeutury.

1723 5758 1831 5833 oda

644 5592 656 5622 ⁸
671 5593 711 5642 Ps.
723 5591 789 5644 cxlii.
803 5607 824 5643 a.

676 5673 686 5704 ⁸
702 5670 741 5724 n.
753 5686 779 5737 p.
793 5684 832 5738 ss·

310 5589 320 5620 ¹
337 5592 378 5643 Ps.
389 5592 470 5644 cxxxi.
479 5594 502 5643 8.

279 5665 288 5698 ¹
304 5667 373 5720 llork
384 5668 454 5720 Mau.
466 5685 491 5737 p.
505 5681 546 5737 57.
