5116 6608
879 519 1024 608 musal
1049 520 1082 594 tt
1108 517 1231 594 idaim
1252 517 1286 592 ti
1307 513 1492 612 quatra.

2042 531 2111 607 275

260 721 413 797 swibhuni,
428 724 523 802 adque
538 723 670 783 omnium
692 731 868 795 sanctorum,
883 741 902 782 a
915 721 1042 800 peccatis
1064 719 1158 782 omni·
1213 718 1279 788 deo,
1294 717 1393 776 lumen
1407 715 1444 775 de
1458 714 1576 787 lumine,
1590 713 1678 774 deum
1693 731 1795 774 uerum
1811 712 1918 774 dedeo
1932 731 2011 788 uero,
2028 715 2111 792 geni-

260 821 315 880 bus
329 821 500 897 propitiatus
514 819 658 889 absoluas,
673 828 760 895 atque
774 837 792 876 a
806 817 918 877 cunctis
932 817 1018 877 reatis
1033 815 1158 876 clemen·
1211 821 1273 870 tum
1301 828 1363 870 non
1390 809 1508 882 lactum,
1531 808 1807 868 consubstantialem
1835 809 1917 885 patri,
1942 827 1995 886 per
2022 827 2112 886 quem

261 925 303 974 ter
327 913 478 984 emundes,
501 923 608 990 tuaque
633 913 816 972 miseratione
839 911 877 970 ab
901 911 983 970 omni
1012 911 1159 987 iniquitate
1212 905 1311 965 omnia
1324 904 1400 964 lacta
1414 913 1489 962 sunt.
1526 902 1585 975 Qui
1603 913 1721 980 propter
1735 919 1790 962 nos
1805 902 1938 962 homines
1949 912 1978 962 et
1992 913 2111 980 propter

262 1007 417 1078 custodias,
438 1019 467 1066 et
487 1007 574 1066 bonis
594 1006 731 1083 operibus
748 1007 852 1082 iugiter
873 1007 1015 1065 intentum
1037 1025 1055 1064 a
1076 1006 1160 1064 beate
1212 1009 1341 1058 nostram
1359 997 1481 1058 salutem
1503 997 1654 1056 descendit
1668 996 1705 1056 de
1719 996 1799 1070 celos
1808 995 1827 1068 ¹,
1842 1007 1872 1055 et
1886 997 2053 1057 incarnatus
2067 1009 2112 1058 est

262 1102 471 1162 inmortalitatis
485 1113 597 1179 prestes
611 1119 675 1160 esse
689 1101 868 1178 participem.
910 1098 973 1160 Per.

641 1245 781 1323 Eparola.

304 1364 341 1424 In
356 1365 403 1424 die
416 1365 464 1424 illa
479 1363 613 1424 defertur.
645 1362 710 1423 Rel.

552 1525 706 1586 Secundum
720 1526 873 1586 iohannem.

304 1646 340 1705 In
363 1646 427 1706 illis.
468 1645 550 1704 Dixit
573 1645 671 1704 ihesus
692 1645 840 1722 discipulis
862 1645 930 1716 suis,
951 1645 1057 1715 Amen,
1075 1663 1162 1704 amen

265 1741 330 1801 dico
344 1741 442 1813 nobis,
451 1739 637 1817 Quicumque
652 1741 756 1800 dixerit
770 1741 862 1799 monti
872 1784 880 1799 .
890 1783 897 1798 .
907 1785 913 1797 .
923 1751 1044 1817 peccata
1058 1750 1162 1799 uestra.

652 1870 771 1932 Secreta.

305 1993 452 2063 Miserere,
465 2009 636 2070 quesumus,
651 1991 874 2052 clementissime
889 1991 970 2063 deus,
985 1990 1094 2051 famulo
1111 2002 1162 2052 tuo

266 2087 315 2148 N.
330 2105 385 2165 pro
400 2105 460 2165 quo
474 2087 532 2146 hoc
546 2086 718 2146 sacrificium
736 2087 828 2146 laudis
842 2087 992 2147 offerimus
1012 2087 1161 2158 maiestati,

266 2193 294 2243 et
314 2183 448 2260 precibus
469 2181 553 2255 beate
570 2181 660 2254 marie
681 2199 852 2258 semperque
874 2181 1000 2257 uirginis,
1020 2192 1050 2241 et
1071 2182 1163 2240 sancti

266 2277 409 2347 dunstani,
424 2294 458 2334 ac
474 2275 565 2334 sancti
579 2271 731 2344 swibhuni,
743 2291 860 2334 necnon
875 2287 904 2335 et
918 2275 1011 2335 sancti
1025 2273 1163 2346 aelleachi,

266 2380 353 2448 atque
364 2370 496 2429 omnium
511 2379 687 2440 sanctorum,
697 2387 801 2428 omnes
815 2369 979 2446 iniquitates
994 2370 1055 2429 eius
1070 2369 1163 2428 indul·

267 2465 364 2541 gentle
385 2475 433 2538 tue
454 2464 674 2540 propitiationes
694 2462 765 2536 dele,
788 2473 817 2522 et
838 2463 917 2540 quod
939 2465 1046 2523 deuota
1066 2473 1164 2523 mente

266 2576 319 2636 pro
347 2559 550 2635 peccaminum
578 2559 640 2617 eius
668 2558 849 2617 absolutione
872 2558 1000 2635 gerimus
1024 2557 1164 2635 proficere

267 2653 320 2712 ribi
335 2652 439 2712 sentiat
452 2651 490 2711 ad
503 2650 657 2711 medelam.
699 2651 761 2710 Per.

646 2797 785 2878 Prey'atr'o.

306 2915 343 2977 V.
371 2915 408 2975 D.
437 2925 544 2976 aeteme
575 2916 655 2977 deus.
703 2917 745 2976 -Et
772 2917 908 2994 pietatem
933 2927 1013 2978 tuam
1042 2918 1165 2996 supplici

267 3010 423 3070 deuotione
454 3028 621 3088 exposcere,
651 3021 681 3070 ut
710 3011 764 3086 hec
795 3013 885 3072 oblati
913 3031 999 3090 quam
1028 3014 1079 3072 tibi
1112 3031 1165 3090 pro

266 3103 374 3164 famulo
393 3115 445 3164 tuo
468 3104 518 3164 .Ν.
533 3105 726 3166 intercedente
747 3117 848 3166 sancta
865 3107 912 3166 dei
929 3107 1067 3184 genitrice
1088 3126 1164 3168 sem-

267 3218 376 3277 perque
398 3200 509 3274 uirgine
530 3201 628 3272 maria,
651 3211 679 3258 et
705 3212 806 3260 sancto
829 3201 985 3273 dunstano,
1006 3220 1040 3260 ac
1062 3213 1164 3261 sancto

267 3291 427 3365 swidhunq
453 3311 571 3352 necnon
595 3305 624 3352 et
644 3304 746 3354 sancto
769 3293 900 3372 aelleago,
925 3306 1011 3372 atque
1032 3297 1164 3355 omnium

269 3399 435 3447 sanctorum
450 3387 607 3461 offerimus,
622 3388 658 3448 sit
679 3389 709 3446 in
726 3389 817 3448 oculis
834 3390 889 3448 tuis
903 3408 1020 3466 semper
1032 3403 1164 3466 accepta·

267 3480 339 3553 bilis,
351 3482 425 3541 sicut
438 3492 555 3541 sanctos
570 3499 639 3542 suos
653 3482 725 3542 fides
739 3494 816 3542 recta
826 3485 956 3560 peruexit
967 3485 1004 3544 ad
1016 3501 1165 3556 coronam,

267 3576 305 3635 ita
316 3594 383 3635 eum
394 3576 512 3636 deuotio
528 3577 667 3652 perducat
677 3577 714 3637 ad
725 3580 849 3649 ueniam,
860 3578 981 3655 qualiter
995 3578 1070 3638 hanc
1085 3579 1165 3638 obla-

268 3672 376 3730 tionem
394 3671 523 3748 placatus
537 3689 554 3729 a
569 3673 681 3731 cunctis
695 3690 763 3732 eum
774 3673 917 3732 emundes
931 3673 1063 3732 sordibus
1078 3673 1165 3733 delic-

268 3774 406 3839 torum,et
415 3764 518 3825 diuites
527 3764 650 3824 fructum
659 3767 938 3843 operumbonorum
954 3766 1165 3828 Perchristum.

599 3910 828 3970 Porlcommunr'o.

306 4030 414 4090 Diuina
434 4030 557 4090 libantes
578 4031 713 4102 misteria,
729 4049 896 4109 quesumus,
913 4031 1040 4103 domine,
1060 4041 1092 4092 ut
1109 4031 1164 4092 hec

267 4125 398 4186 salutaria
422 4136 602 4185 sacramenta
625 4124 733 4186 famulo
762 4137 812 4185 tuo
836 4125 886 4185 .Ν.
910 4127 949 4185 ad
976 4127 1107 4204 corporis
1136 4139 1165 4186 et

266 4222 372 4280 mentis
392 4220 536 4279 medelam
550 4219 710 4297 proficiant,
724 4237 850 4297 eumque
865 4239 883 4278 a
896 4221 973 4279 uitiis
992 4231 1163 4300 expurgent,

267 4315 303 4375 de
331 4314 464 4392 periculis
489 4315 626 4374 omnibus
650 4324 767 4386 exuant,
793 4324 822 4373 et
850 4333 902 4392 per
925 4315 1163 4374 intercessionem

266 4421 364 4468 sancte
376 4409 423 4468 dei
437 4409 584 4485 genitricis
599 4427 771 4487 semperque
783 4410 903 4486 uirginis
917 4409 1016 4483 marie,
1027 4420 1057 4468 et
1071 4411 1163 4469 sancti

266 4522 419 4576 nuvsrxvr,
430 4521 465 4562 ac
480 4504 572 4562 sancti
583 4499 749 4574 suuidhuni,
759 4521 876 4562 necnon
891 4514 920 4562 et
935 4503 1027 4562 sancti
1042 4502 1163 4580 aelleagi,

266 4598 361 4675 adque
375 4599 507 4658 omnium
522 4607 689 4656 sanctorum
707 4599 737 4656 in
758 4607 807 4656 tua
829 4597 936 4656 iaciant
955 4597 1096 4675 proficere
1119 4597 1164 4657 di-

266 4691 399 4766 lectione,
420 4704 449 4752 et
470 4692 557 4751 letare
577 4692 766 4770 protectione,
784 4703 812 4752 et
832 4693 863 4752 in
884 4702 933 4751 tua
954 4710 1027 4770 pace
1048 4709 1165 4770 semper

267 4789 384 4847 asistere
398 4797 550 4846 mereatur.
592 4786 656 4847 Per.

305 4907 401 4969 Creed
414 4909 444 4966 in
459 4908 506 4968 the
520 4906 604 4968 Ordo
618 4905 758 4985 Baptismi
769 4907 778 4941 ¹
789 4927 840 4967 :—

303 5026 403 5100 ,Credo
418 5028 448 5086 in
463 5045 554 5086 unum
572 5027 668 5101 deum,
683 5038 797 5104 patrem
817 5025 1059 5103 omnipotentem,
1074 5024 1164 5085 facto-

266 5140 327 5182 rem
340 5123 395 5182 celi
409 5133 437 5182 et
451 5132 533 5194 terre,
541 5122 698 5182 uisibilium
711 5121 879 5181 hominum*
887 5132 916 5181 et
928 5121 1125 5193 inuisibilium,
1136 5132 1164 5181 et

265 5215 295 5274 in
319 5234 410 5276 unum
435 5217 587 5276 dominum
611 5216 725 5277 ihesum
752 5215 891 5276 christum
915 5215 1006 5275 filium
1031 5215 1079 5275 dei
1100 5216 1163 5274 uni·

266 5312 404 5387 genitum,
419 5329 457 5371 ex
470 5323 551 5390 patre
565 5322 666 5371 natum
686 5321 753 5372 ante
774 5312 875 5372 omnia
896 5309 1002 5382 secula,
1016 5310 1104 5370 deum
1125 5310 1163 5370 de

298 5494 307 5525 ¹
323 5497 390 5562 Page
402 5511 458 5562 57⁵·
490 5498 551 5548 'l'his
564 5497 644 5550 Creed
656 5498 711 5549 also
722 5512 809 5547 occurs
820 5503 847 5546 at
858 5497 901 5547 the
911 5503 1125 5548 commencemeut
1136 5497 1166 5548 ol

266 5573 296 5624 Y.
309 5573 363 5640 (lol.
375 5575 391 5626 6
402 5579 438 5640 a)
693 5575 703 5606 ¹
719 5575 852 5640 Evidently
864 5574 1033 5626 rotomorum.

1213 1095 1250 1154 de
1265 1094 1364 1171 spiritu
1385 1103 1487 1152 sancto
1502 1102 1530 1151 et
1547 1093 1637 1150 maria
1657 1093 1778 1168 uirgine,
1793 1101 1822 1151 et
1839 1091 1931 1152 homo
1950 1091 2044 1152 lactus
2059 1104 2111 1164 est,

1213 1187 1367 1247 cmcifixus
1381 1189 1468 1263 etiam
1483 1205 1536 1265 pro
1551 1186 1637 1246 nobis
1651 1187 1707 1246 sub
1728 1187 1831 1264 pontio
1853 1186 1952 1262 pilato,
1966 1205 2070 1264 passus
2084 1199 2114 1248 et

1214 1283 1344 1358 sepultus
1357 1292 1410 1352 est,
1425 1292 1454 1342 et
1468 1282 1621 1341 resurrexit
1639 1281 1720 1340 tertia
1741 1281 1787 1340 die
1809 1281 1971 1340 secundum
1992 1282 2115 1358 scriptu·

1214 1394 1268 1448 ras,
1284 1385 1311 1435 et
1325 1377 1457 1435 ascendit
1477 1375 1536 1434 ad²
1555 1375 1634 1448 celos
1645 1375 1664 1446 ³,
1684 1374 1765 1434 sedet
1787 1375 1824 1434 ad
1846 1374 1995 1434 dexteram
2016 1378 2114 1452 patris,

1214 1479 1243 1528 et
1262 1470 1364 1528 iterum
1384 1479 1522 1528 uenturus
1541 1480 1586 1528 est
1607 1487 1674 1528 cum
1695 1469 1788 1544 gloria
1808 1469 1935 1528 iudicare
1956 1471 2041 1529 uiuos
2063 1471 2114 1530 ac‘

1214 1573 1355 1634 mortuos
1380 1563 1461 1622 cuius
1486 1564 1568 1641 regni
1593 1581 1655 1622 non
1677 1563 1732 1622 erit
1753 1562 1826 1622 finis
1868 1561 1907 1621 Et
1931 1564 1961 1622 in
1983 1565 2114 1642 spiritum

1215 1667 1357 1726 sanctum,
1370 1658 1523 1716 dominum
1538 1666 1567 1715 et
1581 1656 1789 1727 uiuificantem,
1799 1657 1847 1733 qui
1859 1675 1895 1716 ex
1906 1667 1987 1734 patre
1998 1658 2115 1736 filioque

1215 1752 1355 1827 procedit,
1371 1752 1420 1828 qui
1435 1769 1502 1809 cum
1518 1761 1597 1828 patre
1612 1761 1641 1809 et
1656 1750 1714 1808 filio
1735 1751 1820 1809 simul
1841 1750 1978 1810 adoratur
1991 1763 2019 1811 et
2034 1771 2115 1812 cum-

1214 1844 1418 1921 glorificaturl,
1441 1846 1491 1922 qui
1511 1844 1625 1904 locutus
1647 1856 1691 1903 est
1714 1863 1766 1921 per
1787 1844 1955 1922 prophetas,
1976 1857 2006 1904 et
2026 1865 2116 1905 unam

1216 1951 1346 1998 sanctam
1365 1940 1558 1998 catholicam⁸
1572 1951 1600 1999 et
1614 1938 1808 2016 apostolicam
1830 1940 1992 2014 ecclesiam.
2034 1940 2116 2000 Con·

1216 2033 1299 2092 fiteor
1319 2051 1410 2092 unum
1432 2034 1576 2110 baptisma
1598 2035 1628 2092 in
1648 2034 1850 2092 remissionem
1872 2048 2068 2110 peccatorum,
2086 2047 2116 2095 et

1215 2137 1339 2203 expecta
1352 2129 1593 2188 resurrectionem
1607 2139 1797 2199 mortuorum,
1812 2139 1841 2188 et
1856 2129 1944 2187 uitam
1966 2128 2051 2188 futuri
2070 2147 2116 2188 se·

1216 2222 1282 2281 culi.
1324 2223 1430 2281 Amen.

1227 2534 1407 2602 MISSAL
1439 2537 1501 2603 OF
1535 2535 1729 2602 ROBERT
1764 2536 1826 2602 OF
1855 2527 2108 2620 JUMIEGES.

1217 2729 1241 2778 A
1251 2729 1305 2779 MS.
1314 2729 1338 2778 in
1351 2729 1394 2779 the
1406 2729 1494 2779 Public
1503 2729 1608 2794 Library
1616 2735 1642 2778 at
1653 2728 1749 2779 Rouen.
1773 2729 1914 2795 Catalogue
1925 2731 1955 2781 ol
1964 2731 2120 2797 MSS.1874,

1282 2823 1307 2872 p.
1319 2823 1360 2872 45.
1372 2807 1423 2857 No.
1437 2821 1475 2871 ¹4·
1508 2807 1581 2858 Press
1592 2805 1665 2858 mark
1676 2805 1793 2872 formerly
1804 2813 1837 2874 ἥ
1849 2808 1895 2868 bis,
1907 2824 1965 2858 now
1977 2809 2008 2860 Y.
2021 2809 2045 2861 ⁶.

1258 2926 1333 2987 This
1354 2927 1543 3004 magnificent
1558 2927 1660 2986 Missal
1682 2927 1807 2986 consists
1828 2937 1857 2986 at
1871 2938 1990 3004 present
2005 2928 2041 2987 of
2061 2933 2118 2988 228

1216 3021 1311 3080 leaves
1326 3023 1360 3080 ol
1372 3022 1429 3082 fine
1443 3021 1529 3081 white
1543 3021 1658 3092 vellum,
1678 3023 1734 3098 13}
1749 3021 1848 3080 inches
1867 3039 1890 3084 x
1909 3042 1936 3098 9,
1952 3022 2045 3083 which
2061 3043 2118 3097 are,

1216 3115 1285 3174 with
1306 3115 1355 3176 the
1374 3117 1529 3193 exception
1551 3115 1585 3175 oi
1595 3116 1644 3174 the
1666 3134 1748 3174 worn
1770 3126 1835 3192 tops
1856 3115 1892 3174 ol
1908 3135 1926 3175 a
1947 3117 2001 3176 lew
2015 3117 2119 3191 leaves,

1217 3210 1246 3268 in
1268 3228 1286 3267 a
1308 3211 1452 3288 complete
1473 3219 1545 3270 state
1567 3209 1601 3269 ol
1619 3201 1846 3286 preservation'
1869 3208 1895 3268 It
1916 3211 1941 3269 is
1960 3211 1990 3269 in
2011 3231 2028 3271 a
2050 3215 2118 3272 sub-

1218 3305 1332 3362 stantial
1346 3304 1469 3364 modern
1483 3305 1607 3380 binding
1621 3303 1656 3362 ol
1666 3305 1767 3362 brown
1782 3302 1898 3374 leather,
1913 3304 1981 3364 with
1996 3306 2044 3365 the
2059 3307 2120 3366 title

1218 3397 1349 3457 ‘Missale
1365 3398 1485 3458 Roberti
1500 3398 1634 3459 Cantuar.
1651 3397 1888 3476 Archiepiscopi‘
1902 3400 2064 3479 impressed
2079 3419 2120 3460 on

1217 3490 1266 3551 the
1279 3492 1363 3551 back.
1398 3492 1426 3552 It
1439 3511 1499 3552 was
1514 3510 1588 3552 once
1603 3491 1652 3551 the
1666 3503 1803 3569 property
1817 3492 1853 3551 os
1863 3492 1983 3566 Robert,
1997 3496 2074 3572 prior
2087 3495 2124 3554 ol'

1217 3586 1265 3645 the
1280 3585 1468 3647 Benedictine
1483 3597 1650 3663 monastery
1661 3585 1696 3644 os
1708 3585 1748 3645 St.
1759 3583 1847 3645 Ouen
1861 3597 1890 3646 at
1905 3586 2019 3660 Rouen,
2033 3587 2119 3648 alter-

1216 3680 1316 3751 wards‚
1336 3695 1421 3757 1037,
1436 3682 1527 3740 abbot
1545 3679 1580 3740 oi
1589 3679 1747 3758 Jumieges,
1767 3681 1798 3738 in
1812 3681 1861 3740 the
1875 3681 2120 3758 neighbourhood
2133 3691 2137 3700 '

1216 3773 1252 3832 ol
1262 3773 1378 3847 Rouen,
1391 3774 1489 3833 whom
1503 3773 1629 3834 Edward
1644 3773 1693 3832 the
1708 3772 1870 3834 Confessor
1884 3775 2041 3848 advanced,
2058 3776 2119 3836 first

1216 3878 1247 3926 to
1265 3868 1315 3928 the
1337 3869 1392 3928 See
1414 3868 1451 3928 of
1467 3867 1594 3928 London
1610 3868 1642 3926 in
1660 3885 1747 3941 1044,
1761 3869 1820 3928 and
1842 3870 1982 3947 secondly
2004 3880 2035 3930 to
2056 3870 2120 3930 that

1215 3962 1250 4022 ol
1261 3961 1441 4042 Canterbury
1454 3963 1485 4022 in
1501 3981 1587 4038 ¹05¹·

1256 4057 1425 4136 According
1438 4069 1469 4118 to
1484 4058 1532 4118 the
1547 4057 1697 4136 colophon
1711 4075 1752 4116 on
1769 4057 1818 4118 the
1840 4069 1918 4118 recto
1939 4057 1975 4117 of
1992 4059 2041 4118 the
2062 4059 2118 4120 last

1214 4149 1279 4222 leaf,
1294 4151 1387 4212 which
1402 4171 1497 4212 seems
1513 4164 1543 4212 to
1558 4151 1630 4210 have
1645 4153 1720 4210 been
1734 4150 1845 4211 written
1858 4152 1897 4229 by
1913 4151 2025 4212 Robert
2040 4152 2116 4212 him·

1215 4244 1276 4317 sels,
1288 4247 1337 4305 the
1352 4247 1477 4317 volume,
1488 4246 1596 4323 having
1611 4248 1688 4306 been
1701 4246 1839 4323 acquired
1852 4247 1884 4304 in
1899 4245 2045 4322 England,
2057 4267 2117 4308 was

1214 4340 1300 4415 given
1322 4341 1360 4417 by
1375 4340 1437 4399 him
1458 4359 1490 4400 as
1511 4359 1528 4400 a
1549 4351 1666 4418 present
1685 4350 1716 4398 to
1735 4339 1784 4399 the
1805 4341 1899 4418 abbey
1913 4340 1948 4401 ol
1957 4339 2116 4419 jumieges,

1214 4433 1298 4493 while
1325 4435 1363 4494 he
1387 4453 1446 4494 was
1471 4434 1527 4494 still
1556 4433 1661 4511 bishop
1689 4432 1725 4492 oi
1750 4432 1888 4493 London.
1929 4432 1957 4493 It
1985 4452 2056 4493 runs
2083 4453 2116 4496 as

1214 4528 1325 4588 follows
1335 4549 1386 4589 :-

1256 4622 1385 4681 ‘Notum
1405 4622 1442 4682 sit
1462 4622 1599 4681 omnibus
1620 4633 1680 4680 tam
1701 4621 1884 4698 presentibus
1905 4638 1995 4699 quam
2015 4620 2116 4684 suturis

1215 4735 1267 4794 per
1280 4717 1467 4777 succedentia
1480 4726 1613 4792 tempora
1627 4715 1768 4786 fidelibus,
1780 4715 1861 4792 quod
1875 4732 1932 4792 ego
1948 4714 2115 4788 RotbertuS,

1216 4811 1292 4870 abba
1314 4803 1575 4892 gemmete[n]sum
1598 4810 1686 4886 prius,
1711 4809 1901 4885 postmodum
1921 4826 1993 4869 uero
2015 4821 2115 4886 sancte

1214 4903 1421 4964 londoniorum
1440 4904 1517 4963 sedis
1537 4903 1634 4980 presul
1656 4902 1757 4972 lactus,
1772 4902 1902 4962 dederim
1915 4903 2021 4962 libmm
2036 4903 2114 4963 hunc

1215 5017 1324 5062 savera
1352 4998 1463 5058 rrrnrntl
1492 4999 1523 5056 in
1551 4997 1608 5058 hoc
1633 4997 1721 5057 michi
1749 4999 1876 5058 comisso
1901 4998 2114 5058 monachorum

1247 5184 1333 5236 ²celis
1344 5185 1376 5235 Υ.
1897 5183 2004 5234 ’celum
2016 5183 2048 5236 Υ.

1246 5263 1298 5314 ‘et
1310 5263 1340 5313 Υ.
1710 5260 1939 5326 ⁸conglorificatur
1950 5262 1981 5313 Y.

1246 5343 1256 5373 ¹
1273 5343 1297 5393 Υ
1317 5341 1407 5394 breaks
1426 5340 1463 5393 oli
1479 5341 1537 5394 here
1558 5340 1683 5406 abruptly,
1704 5339 1747 5392 the
1765 5341 1904 5392 remainder
1923 5340 1953 5392 ol
1970 5341 2012 5391 the
2035 5341 2115 5393 Creed

1214 5421 1305 5486 having
1315 5421 1377 5471 been
1386 5420 1480 5470 erased.

1245 5499 1355 5551 '‘Cum
1373 5514 1418 5564 per
1434 5497 1617 5550 Gemmeticnm
1636 5495 1783 5564 [Robertus]
1804 5504 1969 5554 reverteretur.
1984 5497 2114 5548 defunctam

1215 5577 1298 5644 ibique
1311 5577 1424 5644 sepultus
1439 5583 1476 5632 est
1488 5577 1514 5630 in
1528 5577 1634 5631 ecelesia
1648 5575 1673 5629 S.
1687 5577 1782 5635 Merite,
1797 5591 1873 5641 quam
1884 5577 1937 5642 lpse
1952 5576 2079 5642 praecipuo
2089 5583 2115 5627 et

1750 5685 1857 5735 Nn2

1588 5183 1684 5236 1ἰιιΥ.
