5116 6608
635 581 827 656 walionno.
1589 583 1779 661 wallum.
1908 537 1911 542 Ι
2070 607 2139 682 245

683 779 776 846 Alia„
1239 783 1465 849 uicissitudine
1480 786 1687 863 succedente,
1700 796 1814 852 nostra
1828 785 1993 854 reficiatur
2006 785 2141 854 infirmi·

323 893 391 957 Fac
403 912 668 975 nos,quesumus,
677 893 820 969 domine,
830 892 964 958 domine
973 893 1185 968 deusnoster,
1237 892 1298 948 tas·
1344 883 1430 948 Per·l

280 991 312 1055 in
336 1002 394 1057 tua
417 992 596 1057 deuotione
617 993 775 1075 gaudere,
790 993 869 1075 quia
891 1002 1050 1076 perpetua
1075 1002 1126 1058 est
1151 1003 1185 1058 et
1643 971 1735 1038 Alia·

279 1091 378 1175 plena
408 1091 548 1157 felicitas
574 1092 602 1155 si
632 1091 794 1156 bonorum
825 1091 974 1157 omnium
1002 1093 1185 1158 seruiamus
1280 1091 1421 1170 Adesto,
1434 1093 1578 1172 domine,
1594 1095 1746 1179 precibus
1765 1095 1892 1175 nostris,
1907 1106 1943 1163 et
1956 1097 2012 1162 die
2027 1105 2141 1163 noctu-

279 1201 424 1256 auctore.
470 1191 556 1256 Pers
1236 1211 1302 1274 que
1326 1213 1387 1256 nos
1410 1203 1559 1278 protege,
1579 1204 1626 1272 ut,
1642 1194 1845 1277 quibuslibet
1866 1196 2141 1262 alternationibus

683 1277 776 1343 Alia·
974 1309 978 1324 ·
1235 1299 1434 1376 temporum,
1451 1301 1508 1358 tua
1530 1313 1660 1378 semper
1682 1295 2016 1364 incommutabilitate
2032 1295 2140 1360 firme·

323 1402 459 1469 Exaudi
490 1423 561 1478 nos,
592 1403 674 1466 deus
711 1403 864 1468 salutaris
894 1413 1017 1479 noster,
1048 1412 1082 1468 et
1112 1404 1183 1468 dies
1235 1410 1315 1454 mus·
1362 1391 1448 1456 Pes?
1699 1480 1705 1493 ¹

279 1512 409 1567 nostros
429 1504 461 1566 in
484 1512 543 1568 tua
558 1522 642 1586 pace
661 1503 808 1586 dispone,
826 1513 862 1568 ut
878 1523 898 1567 a
913 1504 1040 1568 cunctis
1055 1513 1183 1586 pertur·
1642 1478 1735 1544 Alia·

279 1603 469 1667 bationibus
484 1602 614 1666 liberati
630 1603 807 1685 tranquilla
822 1603 882 1668 tibi
898 1605 1059 1668 seruitute
1075 1602 1182 1667 famu·
1272 1602 1415 1667 Exaudi
1432 1623 1491 1667 nos
1507 1605 1597 1680 deus,
1614 1603 1765 1668 salutaris
1783 1613 1905 1682 noster,
1921 1615 1956 1670 et
1972 1605 2138 1670 mentibus

279 1700 395 1767 lemur.
442 1702 527 1768 Pers
677 1787 741 1852 ΑΓ
1235 1703 1358 1766 nostris
1372 1703 1479 1786 gratie
1494 1712 1562 1767 tuae
1577 1701 1689 1767 lumen
1705 1703 1855 1768 ostende.
1901 1703 1988 1769 Pera

726 1809 770 1854 ta.

323 1900 497 1984 Percipiat‚
527 1901 672 1978 domine,
707 1921 897 1983 quesumus,
931 1901 1076 1985 populus
1105 1910 1183 1965 tuus

279 2000 536 2065 misericordiam
552 2021 653 2083 quarn
669 2002 829 2083 deposcit,
850 2010 885 2065 et
905 2023 1007 2084 quam
1030 2011 1183 2085 precatur

277 2100 444 2166 humiliter
473 2101 714 2185 indulgentiam
746 2111 966 2184 consequatur
993 2110 1027 2165 et
1054 2120 1181 2184 pacem.
1275 2107 1356 2172 Vox
1379 2116 1492 2172 nostra
1510 2118 1553 2182 te,
1569 2106 1715 2182 domine,
1730 2127 1864 2190 semper
1885 2109 2089 2190 deprecetur,
2104 2118 2138 2173 et

222 2231 226 2242 =
280 2199 364 2265 Pers
1232 2207 1275 2270 ad
1291 2227 1386 2272 aures
1401 2216 1468 2272 tuae
1483 2207 1617 2290 pietatis
1632 2207 1800 2273 ascendat.
1846 2207 1931 2272 Per.t

680 2288 773 2352 Alia.
1596 2349 1599 2356 Ι

323 2397 490 2476 Concede,
512 2419 700 2482 quesumus,
724 2400 868 2475 domine,
891 2400 1017 2484 populo
1042 2408 1102 2463 tuo
1124 2420 1180 2462 ue·
1641 2357 1734 2424 Alia·

279 2497 366 2561 niam
385 2508 606 2582 peccatffllm,
623 2509 656 2564 et
672 2502 763 2582 quod
786 2501 910 2564 meritis
933 2521 999 2564 non
1021 2500 1181 2584 presumit
1277 2488 1410 2562 Praesta,
1427 2501 1618 2570 quesumus,
1630 2486 1841 2569 omnipotens
1856 2486 1950 2565 deus,
1968 2495 2005 2550 ut
2027 2486 2138 2550 liberis

277 2597 490 2682 indulgentiae
505 2609 562 2682 tue
577 2599 674 2664 celeri
690 2599 844 2683 largitate
858 2601 1027 2684 percipiat.
1068 2600 1154 2662 Pera
1231 2586 1292 2652 tibi
1308 2587 1474 2651 mentibus
1489 2585 1679 2650 seruiamus.
1726 2586 1812 2650 Pera

682 2749 775 2814 Alia.
1638 2749 1732 2814 Alia.

320 2860 485 2925 pretende
507 2861 611 2941 1¹0bl⁵‚
634 2861 1052 2937 dOmlsse›mlser100fdl³m
1076 2871 1180 2940 tuam>
1273 2876 1321 2940 Vt
1336 2884 1438 2955 tuam,
1454 2875 1596 2952 domine,
1613 2874 1871 2940 misericordiam
1887 2893 2136 2956 consequamur,

278 2969 314 3025 ut
325 2981 399 3044 quae
415 2962 502 3025 uotis
517 2961 708 3044 expetimus
720 2964 970 3027 conuersatione
982 2963 1042 3026 tibi
1058 2963 1180 3047 placita
1230 2975 1282 3040 sac
1298 2996 1357 3039 nos
1373 2974 1432 3040 tibi
1448 2983 1520 3040 tota
1535 2975 1634 3039 corde
1650 2995 1722 3039 esse
1736 2975 1885 3040 deuotos,
1931 2974 2015 3038 pesp

278 3079 525 3143 consequamur.
571 3062 658 3126 Pera

1274 1969 1425 2054 incipiunt
1443 1973 1591 2037 orationes
1607 1972 1796 2037 matutinales
1812 1987 1866 2036 stu
1882 1974 2101 2054 umprrtinalzs.

1639 3151 1733 3215 Alia.

535 3275 699 3343 &cationes
718 3278 918 3343 matutinales,
1275 3263 1422 3348 Suscipe,
1433 3263 1577 3337 domine,
1593 3284 1707 3347 preces
1722 3272 1860 3340 nostras,
1872 3271 1906 3328 et
1920 3261 2136 3328 clamantium

320 3404 498 3482 Inlumina,
525 3407 669 3484 domine,
696 3429 888 3491 quesumus,
915 3407 949 3471 in
985 3417 1021 3473 te
1046 3417 1178 3475 tuorum
1230 3367 1273 3429 ad
1294 3374 1328 3429 te
1343 3366 1399 3448 pia
1414 3364 1515 3429 “⁰⁸³⁶
1530 3365 1693 3448 pf⁰Pitiu⁵
1708 3363 1854 3428 intende·
1900 3364 1986 3429 Pell

277 3505 376 3569 corda
392 3526 571 3583 seruorum,
588 3516 625 3571 ut
641 3517 700 3572 tuo
715 3527 847 3590 semper
863 3509 1044 3573 munimine
1062 3519 1096 3574 et
1119 3517 1179 3574 tuo
1635 3528 1729 3593 Alia.

276 3603 399 3668 auxilio
414 3616 636 3689 protegamur.
682 3606 743 3670 Per
760 3609 933 3671 dominum
949 3616 1124 3672 nostrum*
1275 3653 1302 3718 C
1521 3653 1529 3668 .
1800 3613 1804 3624 '
1839 3653 1847 3668 .
1882 3651 1923 3668 ..
1974 3652 1981 3668 .

1305 3662 1429 3733 unctas,
1439 3653 1581 3732 domme,
1591 3673 1723 3737 semper
1734 3674 1755 3717 a
1770 3654 1866 3718 nobis
1880 3661 2070 3737 rnrqurtates
2086 3673 2135 3716 re-

680 3767 772 3832 Alia.
1229 3752 1338 3837 pelle;
1369 3762 1405 3817 ut
1427 3753 1470 3817 ad
1494 3753 1583 3817 uiam
1606 3753 1722 3817 salutis
1743 3763 1867 3818 aeterne
1889 3773 2003 3818 secura
2024 3761 2137 3817 mente

321 3877 494 3957 Inlumina,
506 3880 648 3956 domine,
665 3901 854 3964 quesumus,
871 3883 1025 3946 tenebras
1040 3893 1177 3960 nostras,
1229 3873 1406 3918 curramus·
1453 3854 1538 3918 ΡΨ

277 3986 310 4042 et
346 3980 449 4043 totius
480 3980 586 4044 noctis
619 3981 754 4045 insidias
784 3990 820 4045 tu
854 3981 977 4064 repelle
1006 3983 1177 4066 propitius.
1634 3936 1728 4004 Alia·

278 4078 364 4142 Pei*
1274 4065 1483 4149 Redemptor
1512 4073 1632 4144 noster,
1662 4065 1784 4148 aspice,
1809 4065 1899 4144 deus,
1926 4072 1961 4129 et
1988 4063 2049 4128 tibi
2076 4083 2136 4129 nos

669 4167 773 4240 ,Alica
1229 4164 1348 4248 iugiter
1362 4166 1483 4230 seruire
1499 4165 1653 4230 concede.
1700 4165 1761 4229 Per
1776 4163 1974 4228 dominumr

318 4276 393 4342 Tua
408 4298 478 4354 nos,
495 4278 639 4355 domine,
656 4281 779 4344 ueritas
800 4300 931 4364 semper
947 4279 1130 4358 inluminet,
1144 4289 1178 4346 et
1619 4319 1743 4413 [Alia]

276 4378 318 4441 ab
332 4379 423 4443 omni
439 4381 604 4463 prauitate
619 4379 787 4458 defendat.
833 4379 919 4444 Per!

1273 4453 1374 4528 Deus,
1391 4451 1463 4516 caeli
1483 4461 1634 4534 terreque
1650 4450 1845 4528 dominator,
1862 4450 2024 4515 auxilium
2039 4450 2134 4514 nobis

681 4530 772 4595 Alla-
1229 4562 1286 4636 tue
1302 4553 1500 4617 defensionis
1515 4552 1678 4634 benignus
1694 4551 1860 4633 impende.
1906 4550 1993 4614 Per!

318 4639 422 4706 Salua
445 4662 514 4717 nos,
538 4641 749 4727 omnipotens
771 4644 863 4719 deus,
886 4652 920 4707 et
944 4643 1052 4707 lucem
1083 4643 1178 4708 nobis
1635 4713 1729 4779 Alia·

275 4747 418 4812 concede
433 4757 638 4831 perpetuam.
685 4747 771 4814 Per.t

1274 4839 1428 4904 Purificet
1443 4859 1503 4902 nos
1521 4837 1727 4922 indulgentia
1741 4846 1809 4915 tua,
1823 4839 1915 4914 deus,
1932 4847 1966 4902 et
1980 4836 2025 4900 ab
2039 4834 2131 4900 omni

679 4909 770 4974 Alia·
1229 4959 1360 5021 semper
1375 4938 1549 5020 iniquitate
1565 4938 1706 5002 custodi.
1752 4936 1837 5001 Pers

317 5019 419 5096 Deus,
432 5021 489 5104 qui
505 5021 594 5086 diem
611 5022 768 5088 discernis
784 5044 806 5085 a
821 5032 929 5097 nocte,
941 5032 1033 5087 actus
1049 5030 1178 5086 nostros

274 5140 294 5183 a
315 5121 527 5186 tenebrarum
550 5122 719 5205 distingue
740 5121 892 5206 caligine,
907 5132 943 5186 ut
966 5141 1177 5205 semperque
1634 5100 1728 5166 Alia·

274 5231 386 5285 sancta
402 5231 479 5286 sunt
498 5221 697 5286 meditantes
719 5221 752 5285 in
774 5231 832 5286 tua
853 5222 971 5305 iugiter
993 5220 1067 5286 luce
1083 5222 1176 5286 uiua·
1270 5227 1305 5294 A
1323 5227 1449 5295 cunctis
1475 5225 1706 5310 iniquitatibus
1726 5221 1846 5288 nostris
1873 5243 1959 5287 exue
1983 5242 2054 5298 noe,
2073 5223 2131 5286 do·

274 5337 357 5384 mus.
403 5320 490 5385 Per.t
1227 5329 1323 5408 mine,
1339 5339 1373 5394 et
1389 5330 1421 5392 in
1436 5339 1494 5393 tua
1509 5327 1561 5393 lac
1577 5347 1660 5411 pace
1673 5325 1828 5409 gaudere.
1873 5321 1958 5388 Per.t

677 5407 769 5473 Alia.

315 5519 514 5603 Quesumus,
531 5520 665 5584 domine
685 5521 769 5586 deus
791 5530 911 5599 noster,
924 5521 990 5586 diei
1006 5521 1176 5587 molestias
1630 5491 1723 5557 Alia·

274 5620 514 5704 noctisuquietae
529 5630 681 5686 sustenta
691 5645 700 5706 3
721 5630 768 5700 ut,
785 5623 968 5688 necessaria
983 5631 1174 5706 temporum
1269 5618 1420 5699 Vincula,
1435 5618 1579 5699 domine,
1596 5617 1743 5682 humane
1764 5615 1938 5701 prauitatis
1960 5615 2130 5697 abrumpe,
